4274 6120
1198 212 1238 277 16

361 420 412 485 nis
435 420 634 486 servandum
657 422 793 495 censuit,
826 423 935 504 etqui
959 444 1089 507 seruper
1112 426 1329 508 omnibusque
1360 429 1425 491 tere
1456 428 1557 491 taedis
1581 434 1649 493 crat
1675 430 1884 518 aliorumque
1907 442 2072 513 voluntati

360 547 486 591 moreni
509 528 653 611 gerebat,
685 528 771 592 hune
794 529 936 593 Demeae
965 530 1073 594 fratris
1097 533 1231 614 eiusque
1262 534 1315 597 tilii
1341 535 1491 615 precihus
1516 535 1603 599 haud
1631 537 1674 600 ita
1700 539 1875 609 difficulter
1897 550 2069 619 cedentem

361 636 497 702 induxit.
543 636 646 700 Aliter
668 636 774 699 visum
799 640 847 699 est
870 643 989 717 poetae
1013 638 1124 703 latino.
1180 640 1238 703 llic
1262 660 1393 721 qrroquc
1418 641 1491 705 lecit
1515 658 1627 705 senem
1651 646 1788 711 taudem
1812 656 1944 719 exorari
1967 662 2066 741 atque

359 744 454 818 vinci,
484 742 542 807 sed
565 742 703 807 multum
728 745 827 805 autea
850 744 1052 807 restitantem
1077 747 1109 809 et
1133 747 1356 823 reluctantem,
1388 754 1420 812 et
1448 750 1536 814 haud
1565 752 1632 815 scio
1663 773 1705 817 au
1736 738 1797 819 hoc
1828 760 1928 825 rideri
1960 769 2064 847 possit

358 851 559 933 gravissimis
583 850 783 933 argumentis
809 851 931 915 lactum
955 871 1027 915 esse
1052 870 1081 915 r.
1111 854 1157 929 lh,
1182 854 1224 917 ad
1248 874 1347 936 quem
1372 856 1478 937 ipsum
1504 858 1680 923 scholiasta
1706 861 1784 927 illud
1808 864 1996 935 adnotavit:

571 958 639 1040 Ego
663 978 766 1022 novos
791 959 927 1022 maritus
951 978 1039 1022 anno
1064 960 1195 1023 demum
1220 960 1334 1042 quinto
1359 968 1390 1025 et
1415 964 1622 1044 sexagesimo

570 1064 661 1128 Fiam
685 1068 784 1146 atque
808 1083 909 1128 anmn
933 1065 1132 1147 decrepitam
1155 1068 1295 1132 ducatu?
1320 1069 1394 1132 idne
1418 1071 1496 1133 estis
1520 1076 1671 1137 tinctores
1695 1076 1799 1141 mihi?

357 1170 529 1236 Terentius
552 1176 662 1235 autem
686 1172 775 1254 quod
801 1172 845 1235 ita
868 1173 1031 1237 actionem
1055 1174 1290 1256 aliquomodo
1314 1175 1463 1239 dilatauit.
1485 1178 1603 1241 rutrum
1628 1200 1693 1244 uon
1717 1184 1807 1249 erit.'⁸
1838 1224 1877 1231 -
1902 1188 1973 1253 Nou
1996 1190 2057 1254 du-

357 1278 448 1343 bium
471 1279 569 1361 igitur
591 1278 720 1343 ridetur
743 1298 825 1355 esse,
850 1280 929 1361 quin
953 1280 1101 1344 Donatus
1125 1281 1203 1344 illud
1231 1288 1423 1363 „gravatum
1450 1289 1620 1348 ruutuatus
1649 1288 1690 1350 sit
1719 1307 1738 1350 a
1762 1308 1792 1352 r.
1821 1294 1876 1357 ra:
1905 1316 1966 1369 „ue
1988 1317 2060 1379 gea.

356 1394 463 1463 vere“‚
487 1386 606 1469 quibus
630 1386 812 1450 Aeschinus
836 1390 963 1467 patrem
987 1387 1199 1450 blandissime
1222 1408 1357 1451 exorare
1380 1390 1543 1473 studebit)

515 1494 628 1576 Neque
653 1512 730 1556 vero
753 1492 980 1573 Kduighol'tius
1003 1513 1057 1556 me
1081 1494 1312 1557 assentientem
1336 1496 1435 1560 habet
1465 1499 1553 1579 quod
1577 1503 1683 1563 censet
1707 1500 1924 1569 Menandrum
1948 1508 2063 1574 Micio-

355 1602 406 1664 nis
437 1601 523 1664 seuis
552 1619 662 1663 mores
694 1600 878 1681 diligentius
910 1604 941 1662 el
976 1602 1159 1663 accuratius
1189 1602 1382 1665 observasse
1413 1624 1512 1685 ‹grrruu
1544 1606 1742 1671 'ra-entium.
1793 1607 1937 1675 Tantum
1968 1615 2056 1679 enim

355 1707 460 1783 abest,
483 1711 519 1771 ut
542 1706 622 1771 illud
644 1706 731 1769 senis
755 1707 788 1769 in
811 1725 846 1769 rc
869 1707 949 1769 satis
973 1706 1080 1769 aliena
1103 1708 1239 1772 nimium
1263 1710 1455 1792 obsequium
1480 1714 1625 1776 moribus
1642 1715 1721 1792 eius,
1746 1716 1858 1799 quales
1875 1736 1914 1781 ex
1929 1717 2054 1800 reliqua

355 1814 467 1877 tabula
490 1816 741 1895 cognoscuntur.
775 1813 957 1889 enimenim,
990 1816 1026 1876 ut
1049 1817 1182 1894 poetam
1205 1815 1342 1880 latinum
1367 1818 1514 1883 Miciouis
1539 1820 1703 1900 ingenium
1728 1823 1861 1889 liberale
1883 1844 2055 1907 uroresque

354 1921 513 2002 ingenuos
535 1920 640 1983 multo
665 1919 868 1983 coustantius
892 1924 923 1982 et
947 1919 1055 1983 verius
1084 1923 1283 2002 expressisse
1313 1943 1465 1989 censeam
1494 1945 1593 2008 quam
1626 1926 1854 1995 Menandrum.
1908 1931 2059 1996 Ostendit

354 2028 451 2109 igitur
481 2026 653 2091 Terentius
689 2026 752 2089 hoc
789 2045 920 2107 quoque
955 2026 1026 2089 loco
1059 2046 1213 2109 maguam
1247 2030 1334 2095 illam
1366 2032 1399 2095 iu
1432 2034 1577 2097 moribus
1610 2032 1832 2097 describendis
1855 2037 2057 2116 diligentiam

352 2128 446 2221 (ἦθος
467 2132 601 2217 servat).
648 2124 733 2197 Nam
756 2152 832 2196 cum
855 2133 1027 2197 ltticioueru
1050 2154 1109 2215 per
1132 2138 1237 2201 totam
1261 2139 1406 2203 lalmlaru
1431 2139 1597 2205 horuiuem
1619 2139 1895 2204 humanissiuuuu
1918 2146 1950 2205 et
1974 2142 2054 2205 lihe-

352 2242 551 2306 ralissimum
574 2240 712 2318 tinxerit,
745 2240 812 2303 veri
836 2240 972 2305 similius
1002 2245 1050 2304 est
1075 2261 1185 2305 senem
1210 2247 1380 2325 sexaginta
1404 2247 1548 2329 quinque
1576 2266 1738 2312 annorum
1760 2246 1816 2311 diu
1839 2248 2053 2312 reluctantem

352 2354 451 2433 atque
478 2350 681 2414 restitantem
710 2349 844 2413 tandem
875 2349 1052 2431 aliquando
1085 2351 1283 2430 gravissimis
1312 2351 1426 2415 cedere
1459 2354 1610 2433 precilms
1643 2360 1742 2437 atque
1769 2355 2053 2427 obtestationibus,

351 2476 451 2539 quatu
475 2460 524 2541 (ut
548 2456 636 2539 apud
659 2454 890 2542 lllenaudruur)
914 2475 980 2519 nou
1003 2460 1194 2535 gravantem
1219 2456 1311 2517 lircile
1335 2476 1403 2519 reru
1426 2460 1506 2520 satis
1531 2460 1672 2523 alienam
1699 2462 1881 2526 atlruittere.

508 2564 635 2635 Restat,
654 2566 689 2627 ut
707 2564 820 2644 paucis
837 2564 1041 2645 disputemus
1058 2562 1099 2625 de
1114 2583 1163 2637 «aa,
1180 2580 1278 2643 quatu
1297 2560 1392 2624 t'tuil.
1413 2562 1616 2625 t'ielitzius
1633 2565 1673 2625 de
1691 2566 1861 2628 tltemnnhi
1878 2569 2053 2647 Adelphou

350 2671 483 2735 exordio
509 2675 608 2753 atque
631 2671 718 2734 exitu
742 2671 936 2733 sententiam
959 2670 1128 2751 proposuit
1155 2670 1186 2731 iu
1209 2666 1403 2731 Fleckeiseui
1436 2667 1544 2729 titulat.
1569 2666 1629 2731 litt.
1654 2670 1755 2749 antiq.
1783 2672 1877 2740 lara.
1911 2672 1972 2733 rol.
1998 2674 2050 2737 97.

349 2798 424 2861 pag.
449 2777 635 2854 uta—682,
660 2796 734 2839 curu
758 2796 843 2858 qnae
868 2776 910 2839 ihi
934 2776 1153 2840 eruditissimo
1182 2774 1251 2837 riro
1277 2774 1346 2837 risa
1367 2777 1445 2838 sunt
1467 2774 1510 2837 ah
1534 2774 1590 2849 cis,
1623 2794 1709 2857 qliae,
1732 2794 1793 2839 nos
1817 2776 1858 2839 de.
1881 2777 2052 2859 utriusque

348 2885 481 2949 tabulae
504 2888 697 2965 argumento
721 2884 783 2947 hac
808 2902 913 2964 nsque
937 2883 1121 2949 statuimus.
1146 2901 1346 2963 inagnopere
1370 2882 1556 2963 discrepare
1578 2883 1761 2947 rideantur.
1780 2922 1818 2929 -—
1838 2884 1885 2949 Ac
1908 2885 2052 2965 prinlum

348 2993 481 3075 quidem
505 2992 549 3057 ad
571 2991 730 3074 liquidum
753 2991 931 3074 perducere
954 2992 1062 3055 studet
1087 2990 1132 3058 F..
1156 2988 1189 3052 iu
1213 3008 1358 3071 quanam
1382 2990 1551 3072 utriusque
1575 2990 1705 3055 tabulae
1729 2990 1917 3055 diversitate
1933 2992 2051 3055 Varro-

348 3102 397 3165 nis
421 3101 542 3165 lutinae
566 3100 735 3165 exordium
759 3099 972 3183 praeferentis
996 3099 1158 3162 sententia
1181 3096 1290 3177 posita
1313 3095 1418 3161 tuerit.
1472 3096 1507 3160 ld
1537 3098 1581 3161 ila
1611 3097 1773 3161 emrclemi
1805 3118 1903 3179 posse
1929 3103 2048 3171 censet

347 3212 384 3271 ut
406 3207 633 3271 demonstrare
657 3207 733 3271 velit
756 3225 873 3270 scenae
897 3206 1022 3286 primae
1045 3206 1190 3286 priorum
1214 3222 1367 3267 versuum
1392 3205 1425 3267 iu
1443 3204 1640 3268 Meumrdrea
1665 3204 1763 3267 aliam
1785 3204 1884 3268 titisse
1907 3206 2047 3285 speciem

347 3318 446 3397 atque
469 3314 558 3395 apud
581 3313 780 3378 Terentium.
821 3312 905 3377 Nam
929 3333 990 3395 pro
1014 3312 1182 3393 explorato
1199 3308 1299 3373 hahet
1323 3330 1372 3387 ca,
1397 3328 1482 3392 quae
1499 3310 1592 3374 Micio
1616 3310 1649 3373 iu
1671 3310 1744 3391 ipso
1761 3310 1892 3374 tabulae
1915 3311 2050 3375 exordio

346 3421 387 3486 de
410 3440 491 3485 cena
515 3424 547 3485 et
570 3420 733 3484 Aeschino
756 3420 823 3483 tilio
846 3420 982 3484 ahsente
1007 3419 1158 3500 loquitur.
1183 3418 1216 3481 iu
1240 3438 1358 3499 graeca
1380 3418 1489 3481 locum
1512 3417 1634 3481 habere
1658 3437 1724 3481 nou
1748 3418 1904 3500 potuisse,
1929 3418 2051 3501 quippe

346 3547 421 3593 curn
438 3527 616 3592 Menander
640 3527 882 3591 adulescentem
906 3546 978 3591 curn
996 3526 1131 3607 psaltria
1155 3524 1209 3588 illa
1233 3545 1299 3589 uon
1323 3544 1435 3590 coram
1458 3526 1684 3609 spectantibus
1704 3527 1895 3591 redeuntem
1912 3527 2048 3591 lecisset.

344 3635 380 3699 lu
399 3634 570 3699 Menandri
587 3634 744 3715 Adelphis
768 3633 865 3715 igitur
888 3632 1080 3696 adulescens
1103 3632 1141 3694 tl.
1164 3630 1195 3706 t,
1222 3632 1238 3695 1
1264 3632 1398 3697 deuuuu
1421 3630 1513 3719 (,‚ubi
1536 3636 1586 3697 est
1609 3632 1660 3697 ille
1683 3632 1896 3716 sacrilegus-l
1920 3632 1953 3697 in
1974 3652 2050 3715 pro-

345 3742 491 3807 scenium
510 3741 640 3823 prodiit,
669 3744 895 3823 campartem
918 3739 1017 3812 illam,
1041 3758 1107 3821 qrra
1136 3738 1243 3801 lenoni
1267 3739 1403 3820 psaltria
1431 3744 1543 3821 erepta
1567 3742 1626 3815 est,
1660 3739 1693 3803 iu
1717 3760 1834 3821 graeca
1857 3758 1923 3801 uon
1948 3738 2048 3801 luisse.

345 3868 446 3930 supra
469 3848 731 3913 demonstratum
755 3849 806 3912 sit.
854 3846 919 3911 Sed
936 3846 969 3909 F.
987 3848 1086 3925 negat
1108 3844 1175 3909 fieri
1200 3864 1307 3925 posse,
1332 3849 1368 3908 ut
1391 3865 1544 3927 persona,
1568 3866 1669 3928 quarn
1686 3849 1872 3927 spectantes
1889 3844 1919 3907 iu
1942 3843 2048 3925 primo

344 3960 418 4020 actu
435 3955 535 4020 domo
556 3955 726 4018 absentem
745 3958 917 4029 noverunt,
937 3954 970 4017 in
991 3953 1093 4016 altero
1107 3956 1182 4015 actu
1202 3951 1234 4013 iu
1253 3952 1460 4032 proscenium
1480 3952 1682 4034 producatur
1697 3952 1752 4025 ita,
1773 3955 1809 4013 ut
1828 3954 1926 4013 antea
1941 3970 2049 4033 neque

343 4063 421 4145 ipsa
433 4062 465 4127 in
482 4062 649 4145 publicum
672 4061 839 4125 emerserit
862 4080 969 4143 neque
992 4060 1033 4123 de
1056 4059 1161 4123 reditu
1184 4058 1253 4121 eins
1270 4058 1376 4121 vertis
1393 4060 1525 4140 quidem
1542 4060 1725 4141 expositum
1742 4058 1794 4122 sil.
1834 4056 1913 4123 lude
1929 4056 2045 4136 colligit

343 4174 442 4252 atque
465 4169 635 4233 coustituit
657 4168 746 4251 apud
770 4168 986 4232 Menandrum
1010 4166 1208 4230 Aeschinum
1233 4165 1264 4228 iu
1290 4164 1418 4229 tabulae
1443 4166 1575 4229 exordio
1600 4166 1689 4230 donn
1713 4164 1823 4242 luisse,
1847 4165 1968 4247 quippe
1990 4160 2046 4243 qni

343 4276 376 4339 in
400 4296 517 4358 graeca
540 4296 607 4341 nou
631 4275 783 4340 inductus
812 4277 898 4338 esset
927 4274 1095 4338 nmliereur
1126 4276 1273 4353 ereptam
1304 4272 1438 4335 domum
1470 4272 1682 4336 abducturus.
1735 4274 1906 4336 ltticioneur
1934 4270 2047 4331 autem

342 4385 600 4450 recentissimum
632 4383 786 4448 Aeschini
816 4382 951 4456 sachius,
986 4385 1163 4461 antequam
1194 4379 1318 4443 Demea
1350 4398 1423 4442 rure
1454 4378 1651 4453 ach-'euissct
1684 4378 1831 4443 resciisse
1859 4376 1924 4439 iaru
1953 4379 1984 4437 et
2013 4374 2045 4434 iu

341 4492 449 4573 prima
472 4489 602 4555 tabulae
627 4510 726 4555 scena
750 4491 782 4554 in
806 4488 1013 4572 proscenium
1046 4488 1090 4549 ita
1121 4486 1291 4568 prodiisse,
1323 4490 1356 4548 ut
1383 4485 1424 4548 de
1455 4484 1516 4548 hac
1546 4507 1581 4551 re
1612 4484 1796 4569 exponendi
1830 4484 1919 4548 initio
1947 4481 2044 4557 capto

341 4597 473 4664 uberius
497 4598 657 4663 rationem
682 4618 776 4662 suam
795 4596 996 4661 lenissimam
1019 4594 1162 4674 „pudore
1185 4595 1216 4655 et
1239 4592 1450 4655 liluralitate²
1471 4592 1590 4657 liberos
1609 4594 1641 4657 iu
1663 4593 1771 4655 otticio
1792 4584 1949 4653 retinendi
1968 4604 2043 4664 pro-

380 4814 413 4823 ..-
426 4815 462 4823 .-..
472 4816 493 4821 .-.
514 4812 663 4821 -ο-ι-..η-η-
675 4816 685 4821 -
702 4816 723 4825 ,-

499 4932 533 5001 ”l
553 4939 586 4989 et.
606 4939 719 4988 'l'eutleli
740 4940 871 4991 ..Studien
891 4938 943 4988 und
965 4935 1069 4996 Oltar.¹‘‚
1090 4952 1149 5002 pag.
1169 4936 1228 4983 ran.
