4486 5932
919 396 925 403 ι
1012 390 1205 401 enneae-umecta

1246 390 1338 401 nicom

527 515 599 578 Atia
622 534 716 577 eura:
742 515 816 578 treta
839 518 960 589 atatem,
984 514 1062 577 dum
1086 513 1203 577 studeo
1228 513 1288 576 ittis
1312 517 1472 593 utquam
1496 510 1673 592 plurimum

527 620 689 696 Facerem,
714 621 849 684 eontrivi
874 621 906 682 in
930 620 1124 702 quaerundo
1148 619 1249 683 vitam
1273 623 1373 700 atque
1397 622 1540 681 aetatem
1565 638 1690 681 meam:

526 724 619 789 Nune
643 731 758 791 exaeta
782 731 891 790 uetante
914 726 976 789 hoe
999 726 1093 789 trueti
1117 746 1177 807 pro
1201 725 1314 789 labore
1338 725 1381 787 ab
1405 724 1451 786 eis
1476 724 1554 795 tero,

525 831 663 895 Odium:
689 832 739 894 itte
763 832 845 895 atter
868 833 937 896 sine
959 833 1073 897 labore
1096 832 1203 912 patria
1227 831 1351 913 potitur
1373 829 1556 892 commoda.

527 938 620 1001 ilium
645 942 768 1014 amant,
794 958 846 1002 me
870 940 1018 1021 fugitant,
1044 939 1086 1002 itti
1111 937 1247 1001 eredunt
1271 936 1404 999 eonsitia
1429 936 1549 1010 omnia,

526 1041 618 1105 illum
643 1043 789 1124 diligunt,
814 1044 903 1126 apud
927 1046 1017 1109 iilum
1041 1049 1117 1108 sunt
1141 1045 1251 1120 ambe,
1275 1062 1336 1123 ego
1360 1042 1508 1106 desertus
1532 1061 1624 1104 sum:

526 1146 618 1210 tttum
643 1153 678 1212 ut
702 1151 812 1214 vivant
836 1155 962 1232 optant,
987 1170 1096 1215 meam
1120 1155 1231 1216 autern
1255 1151 1393 1213 mortem
1419 1150 1610 1229 exspectant
1634 1147 1786 1210 seilicet.“

267 1253 422 1317 Videmus
447 1253 542 1329 igitur
564 1275 675 1318 senem
700 1257 881 1321 rationibus
906 1258 1028 1319 moveri
1052 1257 1142 1321 haud
1165 1255 1393 1329 mediocribus,
1427 1257 1462 1316 ut
1485 1253 1571 1316 vitae
1595 1251 1820 1315 condicionem
1844 1255 1971 1316 niutare

267 1359 342 1421 vetit
367 1363 532 1441 (nitetque,
557 1361 584 1423 si
608 1360 675 1425 sieri
701 1363 813 1444 possit.
838 1369 871 1427 ut
898 1364 1019 1427 eisdem
1037 1363 1157 1445 (paitrus
1173 1362 1266 1425 Micio
1290 1363 1416 1425 truatur
1439 1357 1630 1432 commodis
1655 1358 1842 1440 eisdemque
1866 1357 1972 1422 detec-

268 1470 353 1528 tetur
376 1466 504 1543 patritiis
528 1487 601 1530 eum
626 1472 754 1549 perurat:

587 1574 675 1653 „ugo
700 1595 832 1656 (reoque
854 1598 873 1639 a
898 1576 980 1638 meis
1004 1595 1056 1638 me
1079 1577 1185 1638 ornari
1210 1579 1243 1637 et
1266 1573 1378 1654 magni
1401 1571 1471 1633 tieri
1493 1570 1634 1652 postulo.

587 1681 622 1742 Si
649 1681 682 1743 id
707 1682 742 1744 tit
766 1680 875 1744 dando
899 1684 998 1762 atque
1023 1681 1245 1763 otiseuuendu
1270 1700 1335 1743 non
1360 1679 1558 1760 posteriores
1581 1677 1718 1740 teranr‘t

267 1783 331 1844 Sed
357 1785 442 1848 vitae
466 1787 535 1848 eius
559 1806 717 1849 ‹torrversa
739 1788 916 1851 rationum
935 1787 979 1848 ita
996 1791 1046 1850 est
1070 1792 1273 1869 comparata,
1298 1791 1331 1849 ut
1358 1804 1471 1849 verum
1495 1801 1630 1846 suorum
1655 1801 1801 1846 amorem
1818 1782 1893 1846 inde
1910 1783 1970 1846 sibi

266 1889 437 1952 eom-iliare
461 1893 585 1971 possit?
609 1893 712 1956 Alieni
738 1893 787 1955 isti
814 1914 921 1957 mores
946 1913 1137 1975 nonaeque
1160 1894 1288 1973 longius
1305 1888 1428 1955 a'senis
1453 1909 1566 1952 severa
1589 1889 1706 1970 prioris
1723 1889 1809 1951 vitae
1833 1908 1971 1952 eonsue-

267 1993 379 2056 tudine
404 1997 567 2068 recedunt,
593 2020 631 2059 eo
656 1999 839 2062 utieriorem
864 2001 1088 2080 speetantibus
1111 2001 1280 2065 exeutiunt
1296 2000 1408 2067 risum,
1433 2017 1517 2079 quos
1534 2001 1602 2059 tarn
1619 1997 1701 2059 mira
1726 1996 1845 2077 ingenii
1862 2001 1971 2060 muta·

267 2100 354 2161 tione
379 2121 510 2163 neeesse
534 2109 580 2166 est
613 2104 787 2168 deleetari?
818 2107 889 2186 ipsa
923 2109 1106 2188 experietur
1129 2127 1163 2170 re
1187 2110 1256 2169 tam
1279 2106 1368 2169 tueri
1403 2110 1550 2184 tempore
1574 2103 1623 2165 ret
1656 2102 1795 2176 „blande
1819 2102 1967 2178 dicendo,

266 2202 405 2282 benigne
430 2209 588 2277 t‘aeiendo.
621 2211 731 2274 «tando
762 2217 861 2292 atque
886 2213 1117 2295 obsequendo⁸
1145 2234 1256 2278 verum
1282 2234 1348 2276 non
1372 2232 1470 2293 posse
1494 2211 1601 2290 parari
1634 2229 1791 2294 amorem,
1817 2229 1890 2273 cum
1914 2210 1970 2291 qui

267 2311 359 2374 tuerit
385 2317 480 2377 antea
515 2318 740 2397 nrursquisque
773 2320 908 2381 noverit.
956 2319 1062 2384 Pruva
1084 2322 1145 2384 tuit
1168 2322 1254 2384 senis
1278 2318 1377 2382 nimia
1403 2318 1571 2391 severitas,
1601 2315 1658 2379 sed
1682 2335 1792 2379 nonne
1815 2315 1970 2380 simulata

267 2416 347 2478 tiaee
371 2418 548 2482 titur-atitas
573 2427 672 2503 atque
696 2425 871 2488 att'atiititas
887 2426 986 2489 etium
1010 2428 1165 2508 pravius?
1188 2428 1274 2491 Nmn
1297 2430 1406 2508 potest
1431 2425 1628 2505 persuadere
1645 2423 1749 2505 Syro?
1774 2424 1874 2486 innuo
1891 2442 1968 2486 vero

268 2524 381 2604 nugari
408 2525 481 2588 truie
506 2532 605 2609 atque
630 2529 830 2611 ineptissime
854 2533 982 2596 videtur
1006 2535 1104 2598 ioeari
1128 2536 1179 2619 (V.
1204 2532 1250 2619 5.)
1274 2533 1390 2596 Nonne
1419 2531 1590 2593 ridientum
1615 2534 1674 2605 est,
1705 2530 1793 2611 quod
1819 2530 1867 2592 rel
1893 2549 1968 2593 eum

267 2629 417 2694 laudibus
441 2634 542 2707 effert,
567 2636 659 2698 (arius
683 2656 804 2701 nomen
827 2641 971 2702 neseiat?
995 2641 1046 2723 (V.
1072 2644 1102 2705 u.
1128 2642 1148 2704 3
1171 2645 1259 2722 sqq)
1282 2639 1474 2721 praesertim
1498 2656 1572 2700 eum
1598 2635 1674 2699 illud
1699 2656 1829 2718 semper
1852 2635 1969 2700 adinn-

265 2738 336 2811 pat:
361 2758 395 2799 se
420 2744 532 2802 eontra
556 2760 680 2804 morem
705 2763 802 2807 snum
826 2750 856 2809 et
888 2753 1017 2827 praeter
1040 2753 1192 2812 naturam
1218 2749 1323 2811 terrere
1347 2746 1400 2828 (rt.
1427 2746 1461 2807 V.
1483 2747 1512 2820 5,
1535 2745 1569 2807 3:
1595 2744 1767 2825 Optimest.
1792 2745 1858 2808 iarn
1883 2764 1968 2808 nunc

265 2840 431 2905 liaeetria
453 2847 594 2925 primum
616 2849 725 2912 addidi
742 2857 872 2930 praeter
896 2858 1064 2918 natmam:
1089 2876 1109 2918 o
1133 2861 1254 2930 noster,
1279 2854 1357 2935 quid
1381 2853 1438 2915 tit?
1462 2851 1539 2932 quid
1564 2850 1717 2933 agitare).
1742 2850 1838 2927 Quod
1852 2851 1970 2914 deinde

266 2945 440 3019 Aeschino,
467 2953 516 3014 eui
543 2955 731 3034 nuptiarum
756 2957 797 3019 itti
823 2963 1003 3038 apparatus
1029 2961 1249 3025 molestissimi
1272 2964 1358 3036 sunt,
1384 2961 1433 3044 (V.
1458 2960 1488 3035 7,
1514 2961 1528 3022 1
1556 2962 1641 3043 sqq.)
1667 2958 1759 3022 facite
1782 2958 1968 3039 persuadet,

266 3056 298 3114 ut
325 3054 432 3117 missis
457 3058 653 3139 arntiagilms
677 3061 813 3125 domum
838 3083 938 3145 quam
964 3066 1130 3129 celerrime
1154 3067 1251 3130 durat
1275 3067 1482 3148 Pamphilam
1507 3086 1654 3139 uxorem,
1680 3065 1758 3128 nihil
1782 3065 1843 3127 hoe
1868 3064 1970 3127 habet

265 3160 447 3226 absurdum
470 3169 501 3227 et
526 3166 620 3229 ,ttieio
644 3169 741 3248 plane
765 3189 839 3233 eum
864 3191 902 3233 eo
932 3174 1091 3235 eonsentit
1118 3173 1167 3255 (V.
1193 3176 1223 3237 8.
1248 3172 1269 3236 5
1292 3174 1380 3255 sqq.)
1432 3173 1516 3236 Tum
1542 3173 1631 3254 qarod
1658 3172 1752 3234 Micio
1785 3171 1840 3233 din
1870 3190 1969 3252 repu-

265 3286 370 3345 gnans
395 3272 495 3351 atque
518 3273 681 3337 reluctans
705 3277 837 3339 tandem
861 3278 916 3340 titii
933 3279 1084 3358 precibus
1109 3284 1207 3361 atque
1231 3280 1504 3344 (intestationibus
1528 3278 1726 3342 dilectissimi
1752 3278 1870 3341 redens
1894 3296 1970 3359 pro·

266 3374 364 3435 mittit
386 3395 421 3437 se
445 3377 629 3443 Sostratam
653 3383 827 3446 ducturum
851 3404 916 3448 non
938 3405 1072 3466 prorsus
1096 3386 1243 3449 inaudita
1267 3405 1318 3449 res
1342 3390 1408 3470 est3
1435 3387 1488 3467 qui
1514 3385 1655 3467 quidem,
1688 3384 1742 3447 ubi
1767 3385 1836 3447 eius
1862 3404 1968 3448 mores

266 3477 417 3560 vitaeque
441 3485 523 3546 ratio
547 3504 646 3566 supra
671 3491 839 3569 proposita
863 3496 939 3554 sunt
963 3492 999 3573 (t.
1030 3494 1069 3576 t),
1105 3512 1170 3556 non
1196 3492 1329 3555 litatum
1354 3513 1389 3554 se
1413 3492 1658 3573 praedicaverat
1683 3491 1762 3571 ipse,
1787 3491 1877 3572 quod
1901 3511 1968 3556 non

265 3583 412 3649 duxisset
425 3607 571 3665 uxorem,
595 3593 650 3655 sed
676 3599 771 3658 eante
787 3596 837 3658 his
854 3617 933 3660 usus
950 3604 1019 3661 erat
1044 3600 1165 3663 verius:
1193 3599 1300 3679 „qrrod
1325 3599 1526 3662 tortimatum
1552 3598 1617 3660 isti
1642 3601 1968 3677 putant,ux01·e1n

265 3708 446 3771 numquam
471 3694 601 3759 habiri·
660 3700 754 3776 Quod
779 3702 919 3784 denique
943 3708 1060 3785 Syrum
1083 3724 1183 3767 manu
1207 3705 1316 3780 mittit,
1341 3704 1478 3785 Hegioni
1504 3704 1643 3783 agellum
1669 3704 1780 3779 donat,
1801 3724 1868 3767 non
1885 3705 1969 3768 ultro

264 3795 395 3875 quidem
423 3801 466 3862 ita
491 3802 576 3871 satit.
602 3806 658 3867 sed
684 3807 847 3871 Aesetdno
879 3810 944 3872 titio
976 3810 1169 3892 obsequitur
1200 3812 1407 3892 supplicanti.
1455 3810 1536 3891 Syro
1569 3816 1677 3873 aedem
1716 3811 1857 3892 „aliquid
1891 3832 1969 3892 prae

266 3921 365 3966 rnanu
399 3906 488 3969 dari“
523 3929 658 3990 prorsus
695 3918 820 3977 recusat
847 3915 896 3997 (V.
922 3918 952 3991 ti,
978 3915 1045 3995 Ἠ.)
1091 3918 1164 3981 Non
1197 3919 1294 3998 igitur
1318 3918 1348 3979 in
1384 3917 1513 3980 [attritae.
1542 3918 1629 3979 exitu
1653 3916 1747 3979 Micio
1783 3920 1969 4000 eeteroquin

267 4004 431 4073 humanus
454 4019 553 4095 atque
585 4017 726 4081 liberatis
753 4024 819 4083 tam
853 4022 1017 4085 intirmmn
1042 4044 1077 4087 se
1108 4024 1239 4104 praehet
1274 4028 1372 4104 atque
1404 4025 1652 4091 ineonstarrterrr.
1678 4028 1712 4087 ut
1747 4025 1834 4087 omni
1860 4032 1968 4089 eareat

265 4112 394 4190 iudicio,
419 4120 477 4181 sed
493 4123 571 4202 quid
595 4124 690 4219 t'ariat
708 4127 769 4189 siut
794 4129 943 4190 eonseius
967 4149 1065 4209 (pirent
1090 4135 1186 4193 antea
1205 4150 1334 4210 praese
1359 4129 1473 4193 tulerat
1500 4131 1646 4193 animum
1671 4137 1825 4194 reservat.
1874 4132 1970 4209 Quod

267 4238 343 4284 vero
369 4223 400 4285 in
426 4226 556 4289 tabulae
581 4230 644 4293 tine
668 4233 738 4313 ipse
762 4253 894 4315 (proque
918 4235 1012 4297 Mieio
1044 4238 1243 4311 enuniediae,
1279 4242 1313 4299 ut
1345 4237 1390 4300 ita
1423 4238 1539 4311 diram,
1569 4258 1664 4301 sanun
1690 4237 1848 4301 tributum
1874 4239 1968 4305 solvit

267 4328 387 4391 nemini
420 4332 582 4397 vittehitnr
605 4338 733 4403 mirum.
767 4341 934 4422 quoniam,
959 4342 1052 4405 atiter
1076 4348 1175 4424 atque
1198 4343 1330 4418 Barnea,
1363 4345 1506 4409 eosdem.
1539 4345 1657 4426 quilms
1685 4349 1783 4407 antea
1808 4365 1886 4408 usus
1910 4352 1970 4423 est,

264 4452 374 4497 mores
397 4438 522 4502 retinet.
570 4441 603 4505 Si
628 4444 768 4527 (tetrique
801 4448 1115 4511 eonsiderarerimus
1148 4450 1274 4512 Mirtum
1309 4451 1376 4512 seni
1407 4450 1558 4514 Aeschini
1583 4452 1638 4514 titii
1672 4451 1815 4532 adoptivi
1848 4454 1970 4533 nuptiis

264 4559 371 4623 neque
394 4548 579 4626 exoptatius
603 4553 783 4632 rpiidqnam
808 4574 913 4635 ireque
944 4556 1114 4619 ineurntius
1147 4558 1275 4618 evenire
1305 4558 1451 4637 potuisse
1482 4558 1535 4641 (rt.
1561 4558 1583 4620 l.
1609 4558 1638 4621 z).
1666 4558 1698 4620 7:
1737 4578 1860 4640 „nuper
1891 4560 1971 4624 dixit

265 4647 346 4710 velte
371 4670 505 4715 uxorem
530 4654 658 4719 dueere.
708 4658 891 4738 Sperabam
918 4662 982 4724 iam
1015 4663 1189 4725 deteruisse
1214 4663 1484 4728 adulescentiam:
1517 4664 1812 4745 (taudetiarrr“).
1839 4706 1877 4713 -—
1904 4688 1970 4731 non

264 4754 457 4821 mirabimur
480 4762 569 4840 qaod
594 4763 704 4825 mitem
722 4785 757 4826 se
781 4770 880 4846 atque
904 4767 1009 4830 tenem
1027 4788 1104 4847 erpa
1128 4770 1229 4833 titium
1255 4772 1407 4848 ostendit,
1437 4792 1510 4834 enm
1531 4776 1643 4836 eetera
1666 4774 1815 4837 eonsulte
1838 4780 1914 4856 agat.
1939 4781 1968 4839 et

266 4860 326 4925 sibi
349 4870 476 4929 constet
501 4867 603 4931 riticio.
652 4870 773 4933 Demea
799 4877 909 4935 autem
934 4894 1008 4936 eum
1032 4875 1205 4953 Aesetiino,
1231 4878 1310 4959 quid
1339 4878 1379 4941 de
1403 4878 1602 4960 Ctesiptrone
1625 4881 1725 4943 tratre
1748 4882 1892 4945 iuttrrum
1918 4884 1969 4960 sit,

266 4966 477 5053 interroganti
502 4976 692 5058 respondet:
722 4978 831 5049 „Sino
857 4979 975 5043 lralnat
1002 4983 1251 5070 pneretrieem);
1276 4986 1307 5047 in
1333 4987 1412 5050 istae
1437 4988 1535 5053 tinem
1560 4989 1688 5063 iaciat*¹
1714 4990 1867 5053 nimirum
1893 5010 1971 5054 eon-

1777 5114 1811 5165 u*
