4274 6120
1085 310 1106 373 6
1256 396 1308 409 Μ

242 524 335 602 tium,
358 544 435 591 cum
458 544 542 608 quas
565 523 693 589 fecisset
717 504 847 588 sahulas
870 523 993 605 populo
1017 522 1175 604 gratiores
1199 524 1231 586 et
1247 521 1446 603 acceptiores
1469 518 1605 583 reddere
1625 515 1810 600 studeres)
1834 516 1868 579 in
1884 516 1946 579 hac

243 649 375 714 quoque
398 630 641 695 contaminasse
664 630 803 693 diversa.
857 629 1005 710 Sumpsit
1032 629 1120 693 enim
1149 629 1210 693 sibi
1242 628 1275 691 in
1305 628 1391 691 hanc
1413 625 1559 690 fabulam
1583 623 1777 704 particulam
1801 622 1946 704 aliquam

243 757 286 802 ex
308 736 391 801 alius
413 740 532 819 poetae
556 737 620 801 alia
643 756 770 819 graeca.
824 735 920 814 Quod
944 756 1010 818 qua
1033 737 1159 800 ratione
1175 736 1295 811 lecerit,
1319 738 1356 798 ut
1379 731 1615 813 intellegamus,
1640 729 1749 810 ipsum
1772 728 1946 792 audiamus

242 862 375 909 neccsse
398 848 458 909 est.
514 844 658 927 Exponit
686 847 796 908 autem
826 844 859 907 in
889 843 1015 925 prologi
1044 863 1094 907 vv.
1131 844 1251 920 6-11,
1287 840 1550 906 adversariorum
1581 837 1716 900 crimina
1749 837 1948 923 iniquosque

242 968 411 1015 sermones
434 970 454 1015 a
477 970 513 1015 se
535 950 787 1033 propulsaturus
811 950 852 1014 de
875 969 924 1027 ea,
949 968 1049 1031 quam
1072 948 1105 1012 in
1129 969 1224 1013 suam
1245 947 1414 1030 Adelphos
1437 944 1641 1026 transposuit
1663 949 1757 1026 parte
1780 943 1946 1026 expressis

243 1056 350 1121 verbis
373 1056 441 1121 his:

616 1162 961 1246 Synapothnescontes
984 1162 1104 1244 Diphili
1127 1162 1347 1228 comoediast:

614 1270 696 1333 Earn
719 1269 970 1334 commorientes
993 1269 1129 1335 Plautus
1152 1270 1228 1334 fecit
1248 1269 1406 1334 fabulam.

613 1377 650 1441 ln
673 1376 799 1441 Graeca
821 1377 1013 1442 adulescens
1036 1380 1095 1454 est,
1119 1377 1174 1460 qui
1197 1377 1306 1441 lenoni
1329 1375 1424 1457 eripit

614 1483 817 1547 Meretricem
839 1484 874 1547 in
896 1483 1003 1565 prima
1026 1483 1154 1548 tabula:
1179 1502 1255 1547 eum
1278 1482 1413 1546 Plautus
1437 1481 1546 1546 locum

613 1590 758 1671 Reliquit
780 1590 953 1672 integrum,
978 1589 1031 1654 hic
1053 1590 1158 1673 eum⁷)
1182 1588 1323 1671 sumpsit
1346 1588 1407 1652 sibi

614 1694 651 1758 In
674 1695 853 1778 Adelphos,
877 1696 1013 1760 verbum
1037 1696 1078 1760 de
1101 1697 1201 1760 verbo
1225 1713 1416 1777 expressum
1440 1693 1565 1758 extulit.

244 1800 437 1865 Accuratius
461 1801 560 1883 igitur
582 1820 684 1884 quam
707 1803 740 1866 in
763 1802 907 1867 Andriae
930 1806 962 1866 et
984 1803 1130 1867 Eunuchi
1153 1803 1297 1885 prologis
1320 1807 1420 1884 poeta
1443 1801 1476 1864 in
1499 1801 1561 1865 hac
1584 1800 1705 1878 tabula,
1730 1820 1795 1883 qua
1817 1799 1943 1864 ratione

245 1926 397 1990 graecam
429 1908 528 1973 latine
558 1910 764 1987 converterit,
796 1909 927 1987 indicat,
959 1910 1070 1992 itaque
1099 1910 1168 1974 lieri
1198 1930 1296 1993 posse
1325 1914 1418 1991 puto,
1449 1912 1485 1973 ut
1512 1913 1672 1991 qnantum
1695 1908 1792 1972 huius
1815 1906 1945 1971 rabulae

244 2012 288 2079 ad
303 2012 423 2096 Diphili
439 2015 793 2098 Synapothnesconton
816 2021 1043 2099 argumentum
1062 2018 1233 2099 pertineat,
1258 2020 1370 2099 aperte
1386 2017 1637 2081 demonstretur.
1676 2015 1840 2079 Docemur
1858 2013 1943 2079 enirn

244 2125 388 2203 apoeta
409 2121 562 2187 Plautum
589 2122 707 2206 Diphili
739 2123 942 2188 comoediam
973 2123 1073 2189 latine
1107 2122 1288 2187 reddidisse
1323 2122 1593 2200 Commorientes
1626 2121 1684 2185 sed
1715 2121 1770 2196 ita,
1806 2123 1843 2184 ut
1870 2140 1945 2184 earn

244 2230 372 2309 partem
395 2227 536 2307 fabulae,
567 2250 635 2313 qna
662 2231 855 2296 adulescens
885 2230 994 2294 lenoni
1024 2230 1226 2294 meretricem
1250 2231 1378 2312 eripuit,
1411 2231 1571 2312 integram
1595 2230 1799 2310 relinqueret.
1851 2227 1945 2291 Hanc

244 2336 355 2404 autem
377 2337 506 2416 partem
529 2335 701 2401 Terentius
725 2336 757 2401 in
780 2356 876 2402 suam
895 2337 1063 2418 Adelphos
1087 2337 1133 2401 ita
1157 2338 1300 2414 inseruit
1324 2343 1360 2402 ut
1384 2339 1542 2415 „verbum
1566 2337 1607 2401 de
1631 2336 1730 2401 verbo
1753 2353 1944 2416 expressum

155 2464 158 2469 ’
245 2439 404 2504 efferret.“

341 2544 346 2553 '
404 2545 469 2611 Sed
503 2547 697 2631 priusquam
735 2570 809 2614 eam
848 2555 987 2633 partem,
1030 2570 1116 2633 quae
1147 2572 1166 2615 e
1199 2550 1317 2633 Diphili
1354 2552 1466 2615 sabula
1499 2550 1601 2614 libata
1635 2553 1694 2626 est,
1738 2549 1944 2625 definiamus,

244 2671 311 2717 non
334 2653 446 2717 inutile
469 2674 541 2719 esse
564 2655 693 2720 videtur
715 2658 830 2739 paucis
853 2678 1027 2739 exponere,
1059 2657 1138 2741 quid
1169 2657 1210 2722 de
1240 2658 1356 2721 eadem
1385 2676 1421 2720 re
1444 2657 1619 2720 statuerint
1641 2656 1672 2729 ii,
1704 2656 1759 2737 qui
1784 2660 1944 2720 antenus

244 2757 278 2823 in
300 2760 587 2826 contaminationis
611 2764 754 2845 vestigiis
778 2764 1042 2829 demonstrandis
1065 2783 1201 2847 operam
1223 2768 1413 2846 posuerunt.
1466 2764 1515 2827 Ac
1539 2763 1717 2826 Grauertus
1741 2763 1874 2844 quidem
1896 2761 1944 2843 tin

245 2864 392 2930 Analect.
411 2886 486 2949 pag.
506 2867 567 2933 129
592 2867 679 2952 sqq.)
704 2875 736 2935 et
757 2870 831 2936 Car.
855 2870 940 2936 F'rid.
967 2870 1177 2935 Hermannus
1199 2872 1233 2935 in
1256 2870 1532 2935 commentatione
1556 2870 1596 2933 de
1611 2869 1742 2932 Terenti
1759 2867 1945 2951 Adelphis⁸)

245 2989 311 3035 una
334 2991 410 3037 curn
431 2978 529 3056 raptu
548 2975 601 3041 illc
625 2976 781 3058 psaltriae
804 2978 937 3060 virginis
959 2977 1085 3041 lenonis
1109 2998 1240 3061 quoque
1262 2997 1438 3060 personam
1461 2976 1669 3040 aMenandri
1695 2975 1869 3057 Adelphon
1893 2993 1945 3039 ar·

243 3083 400 3161 gumento
422 3080 563 3145 alienam
586 3083 686 3149 tuisse
709 3088 914 3151 censuerunt.
973 3085 1086 3167 ltaque
1110 3084 1280 3159 Grauerto,
1312 3084 1332 3148 l.
1357 3103 1395 3159 c.,
1428 3083 1518 3147 haud
1542 3082 1679 3147 dubium
1710 3102 1783 3145 esse
1806 3082 1944 3157 videtur,

245 3185 325 3267 quin
352 3206 411 3250 eae
434 3187 565 3253 fabulae
588 3194 710 3271 partes,
743 3191 776 3254 in
801 3191 920 3273 quibus
943 3190 1067 3254 Sannio
1094 3193 1168 3255 leno
1198 3191 1337 3273 loquens
1367 3190 1542 3265 inducitur,
1575 3209 1593 3251 e
1615 3189 1745 3270 Diphilo
1776 3188 1944 3252 ducendae

245 3292 319 3356 sint.
365 3294 455 3358 ldem
478 3296 527 3359 vir
550 3296 759 3362 doctissimus
783 3299 964 3363 admiratur
994 3301 1111 3379 poetae
1134 3298 1224 3361 latini
1256 3316 1411 3378 magnam
1435 3300 1550 3373 artem,
1574 3315 1640 3377 qua
1663 3296 1834 3377 utriusque
1849 3295 1944 3360 labu-

245 3398 296 3463 lae
318 3404 429 3482 partes
448 3402 496 3466 ita
518 3403 729 3482 coniunxerit,
752 3410 790 3470 ut
812 3405 963 3487 quamvis
983 3405 1113 3469 diversa
1128 3408 1238 3468 tamen
1263 3403 1391 3485 singula
1414 3404 1497 3469 inter
1520 3423 1556 3466 se
1579 3402 1844 3466 commodissime
1867 3421 1946 3466 con-

243 3506 400 3571 venirent.
456 3507 539 3573 Cum
567 3510 665 3591 igitur
696 3531 755 3592 pro
783 3515 872 3576 certo
899 3511 1036 3575 haberet
1057 3512 1209 3575 lenonem
1232 3530 1299 3574 non
1322 3509 1422 3575 tuisse
1445 3510 1477 3572 in
1501 3509 1671 3573 Menandri
1695 3509 1817 3586 fabula,
1851 3512 1945 3573 actus

244 3613 377 3679 secundi
401 3615 486 3679 duas
509 3616 634 3698 priores
657 3621 779 3699 partes,
803 3617 841 3693 ll,
867 3620 882 3681 1
910 3622 942 3681 et
966 3618 997 3693 t,
1021 3617 1064 3681 ab
1087 3637 1127 3681 ea
1150 3617 1263 3681 fabula
1290 3616 1489 3681 abiudicavit
1512 3620 1544 3680 et
1566 3615 1784 3680 Terentianae
1813 3615 1945 3679 tabulae

243 3740 361 3785 scenae
383 3721 432 3800 11,
457 3722 476 3785 3
500 3722 592 3786 initio
615 3721 749 3787 dearum
762 3724 932 3788 Menandri
955 3725 1143 3805 exemplum
1165 3724 1268 3805 repeti
1291 3722 1500 3809 existimavit,
1525 3722 1583 3787 sed
1606 3722 1662 3801 ita,
1686 3726 1723 3786 ut
1746 3741 1821 3787 cum
1843 3722 1944 3786 semel

242 3826 414 3893 Terentius
437 3829 525 3893 illam
548 3834 676 3912 partem
700 3850 739 3894 ex
762 3831 881 3914 Diphili
905 3830 1075 3894 comoedia
1105 3829 1295 3914 decerptam
1328 3831 1558 3906 transtulisset,
1590 3830 1782 3911 primariam
1813 3848 1944 3912 quoque

243 3952 361 4000 scenae
388 3938 503 4000 tertiae
535 3939 567 4001 et
597 3941 735 4018 quartae
764 3941 894 4020 partem
923 3937 1025 4018 ipsius
1054 3941 1172 4019 poetae
1202 3938 1294 4002 latini
1334 3938 1462 4020 ingenio
1495 3938 1660 4001 tribueret.
1721 3936 1805 4000 Cum
1832 3938 1944 4000 autem

244 4040 404 4106 Grauerto
427 4042 474 4106 ita
495 4042 652 4121 iudicanti
683 4043 909 4108 difficultatem
931 4048 1062 4126 pararet
1085 4043 1176 4108 haud
1191 4045 1389 4109 mediocrem
1405 4045 1524 4109 Donati
1548 4043 1591 4108 ad
1607 4042 1794 4109 Terentiani
1816 4043 1944 4108 lenonis

244 4168 439 4225 sermonem,
463 4150 500 4214 Il.
527 4150 688 4229 1.v.46,
713 4151 893 4237 adnotatio,
918 4170 984 4233 qua
1016 4170 1107 4215 more
1135 4172 1196 4217 suc
1219 4152 1368 4217 Donatus
1400 4151 1501 4216 verba
1532 4152 1635 4215 latina
1657 4149 1827 4215 Menandri
1850 4168 1944 4232 grae-

403 4485 425 4555 6)
445 4493 479 4543 ct'.
499 4493 580 4544 Andr.
599 4492 666 4560 prol.
685 4508 711 4542 vr
733 4496 826 4545 1-32

668 4582 753 4633 roan
771 4598 831 4633 cum
850 4583 962 4648 primurn
982 4584 1098 4633 animum
1117 4582 1151 4633 od
1171 4582 1341 4634 scribendum
1361 4581 1474 4647 adpulit,

668 4671 699 4722 Id
718 4673 770 4724 nbi
789 4673 880 4738 negoti
899 4672 1014 4721 credidit
1031 4670 1118 4722 solum
1137 4671 1205 4735 dari,

668 4761 772 4828 Populo
792 4767 822 4811 ut
839 4761 976 4827 placerent
993 4776 1059 4826 quas
1077 4759 1187 4811 fecisset
1204 4760 1317 4812 fabulas.

405 4842 427 4913 ¹)
447 4849 489 4899 Ita
506 4849 648 4916 legendum
668 4867 727 4902 ease
745 4868 806 4917 pror
825 4866 904 4914 „cum
923 4849 967 4899 hic
985 4844 1091 4900 locum“
1109 4851 1187 4900 metri
1205 4851 1308 4901 ratione
1326 4848 1419 4900 habita
1431 4849 1554 4917 probavit
1572 4848 1636 4900 mihi
1651 4850 1794 4917 Sauppius.
1825 4848 1946 4923 Bitscho-

244 4938 310 4989 lius:
329 4956 390 4991 eura
409 4955 480 4990 nunc
499 4939 542 4990 hic
562 4942 675 5006 sumpsit
693 4940 754 4991 eibi.

405 5021 427 5091 ⁸)
445 5028 552 5102 Indices
570 5029 643 5081 lectt.
662 5028 745 5100 ¹Aead.
764 5030 899 5096 Marburg.
922 5030 997 5101 1838.
