4486 5932
426 827 598 891 Terentius
623 831 734 892 autem
757 827 853 914 (prol.
873 850 902 892 v.
922 831 952 894 c.
969 827 1056 914 sqq.)
1080 851 1115 894 se
1138 850 1215 894 eum
1239 834 1368 894 tantum
1391 832 1511 906 locum,
1536 851 1601 913 quo
1627 832 1841 908 „adulescens
1866 833 1974 897 lenoni

266 934 361 1016 cripit
383 935 585 1032 meretricem
611 937 642 1000 in
666 937 772 1018 prima
795 936 928 999 tabula“
953 957 971 1000 e
995 937 1113 1018 Diphili
1138 937 1436 1002 Commorientibus
1461 939 1492 1000 in
1517 956 1612 1001 suam
1636 935 1804 1019 Adelphos
1829 939 1974 1003 intulisse

265 1041 446 1124 profitetur.
493 1043 606 1125 Neque
630 1064 717 1119 vcro,
742 1044 769 1107 si
794 1044 979 1109 tabularum
1004 1045 1307 1126 componendarum
1324 1045 1411 1125 leges
1428 1045 1630 1125 respicimus,
1656 1045 1741 1108 lianc
1759 1066 1975 1126 perruaenani

264 1153 393 1239 partem
416 1149 517 1215 luisse
540 1150 608 1214 reri
631 1149 736 1214 simile
759 1155 818 1215 est.
865 1150 951 1214 Nam
980 1152 1006 1213 si
1037 1150 1172 1215 Plautus
1196 1151 1315 1233 Diphili
1347 1151 1550 1215 comoediam
1577 1152 1838 1215 Commorientes
1866 1155 1977 1216 trans·

265 1257 348 1335 tulit,
372 1276 439 1321 non
462 1257 569 1339 potuit
592 1257 671 1333 lieri,
696 1262 732 1321 ut
756 1277 795 1321 ea
819 1259 939 1334 onmia,
970 1277 1056 1340 quae
1078 1258 1251 1322 Terentius
1281 1257 1440 1322 Grauerto
1465 1258 1599 1340 quidem
1623 1263 1654 1322 et
1677 1259 1867 1323 llermanno
1892 1259 1977 1323 iudi·

265 1366 357 1430 cibus
381 1363 569 1445 eDiphilea
592 1363 624 1427 in
648 1383 744 1428 suam
767 1364 936 1445 Adelphos
960 1366 1172 1447 deprompsit,
1197 1366 1371 1428 omitteret.
1418 1364 1503 1428 Nihil
1528 1370 1639 1429 autem
1662 1371 1793 1447 praeter
1816 1366 1904 1429 lianc
1927 1366 1977 1429 lo-

265 1490 339 1536 cum
363 1470 546 1553 neglectum
570 1470 661 1534 illurn
684 1471 817 1552 quidem
841 1491 861 1534 a
884 1471 1002 1536 Plauto
1027 1491 1061 1535 se
1085 1489 1165 1534 suae
1189 1472 1321 1534 lahtrlae
1346 1472 1522 1535 intexuisse
1545 1473 1718 1537 manifestio
1743 1473 1887 1537 ‹leelarat
1911 1474 1976 1537 Te-

264 1578 399 1643 rentius,
446 1577 485 1641 Et
500 1577 628 1641 'collata
650 1577 848 1641 Terentiana
871 1578 1040 1641 Menandri
1070 1577 1201 1641 lirhulae
1232 1582 1462 1657 arqruuentum
1486 1579 1548 1640 lroc
1579 1580 1644 1641 lere
1678 1579 1778 1642 luisse
1802 1599 1862 1660 pro
1886 1585 1974 1644 certo

265 1684 422 1750 affirmari
437 1686 564 1766 potest:
587 1684 624 1748 ln
640 1687 717 1748 actu
733 1685 849 1766 primo,
874 1704 972 1766 quem
990 1684 1139 1748 Donatus
1162 1686 1363 1767 protasia
1386 1685 1538 1769 roccat,¹²)
1562 1687 1731 1767 utriusque
1754 1686 1864 1749 fratris
1887 1689 1975 1752 senis

265 1791 424 1875 (Micionis
452 1795 485 1856 et
507 1790 650 1855 Demeae
673 1791 855 1855 secundum
877 1791 1080 1875 Terentium)
1113 1810 1222 1855 mores
1254 1797 1354 1875 atque
1384 1792 1504 1856 liberos
1536 1793 1725 1857 instituendi
1757 1798 1789 1856 et
1813 1794 1976 1859 educandi

264 1898 602 1964 diuersissimae'illae.
626 1899 770 1962 rationes
793 1898 958 1980 descripta
981 1898 1120 1962 lrrcrunt.
1168 1897 1322 1980 Sequitur
1350 1899 1558 1980 epitasis,
1588 1919 1654 1981 qua
1684 1900 1872 1981 expositum
1903 1900 1974 1977 tuit,

264 2025 430 2088 quaenam
454 2004 557 2070 salsae
579 2005 750 2086 opiniones
774 2025 814 2069 ex
837 2010 934 2087 raptu
964 2006 1016 2068 ilto
1049 2005 1204 2086 psaltriae
1236 2008 1368 2068 exortae
1400 2006 1474 2069 siut.
1531 2006 1653 2069 Demea
1683 1997 1779 2069 enhu'
1800 2026 1861 2087 pro
1885 2012 1972 2071 certo

264 2112 366 2176 habet
388 2111 589 2176 Aeschinum
613 2111 771 2193 eripuisse
794 2111 902 2175 lenoni
927 2111 1157 2176 citharistriam
1183 2112 1244 2176 sibi
1268 2112 1338 2188 soli,
1371 2111 1603 2192 Ctesiphonem
1627 2115 1738 2176 autem
1763 2112 1876 2190 tilium,
1907 2134 1973 2196 quo

265 2219 446 2283 admodum
470 2219 713 2299 „patrissante‘
737 2217 926 2294 delectatur,
959 2238 1030 2281 esse
1054 2218 1297 2283 adulescentem
1320 2238 1457 2300 paream
1488 2223 1586 2300 atque
1610 2219 1767 2283 sobrium.
1823 2220 1975 2285 Sostrata

265 2325 393 2403 deinde,
417 2325 510 2389 cuius
533 2324 634 2389 liliam
650 2324 857 2407 Pamphilam
875 2326 1057 2389 Aeschinus
1081 2329 1158 2389 ante
1174 2325 1287 2389 decem
1309 2345 1439 2388 menses
1461 2327 1663 2407 compressit,
1689 2326 1802 2391 acidito
1820 2327 1975 2391 Aeschini

266 2432 409 2497 lacinore
433 2430 648 2495 sollicitudine
672 2436 704 2495 et
727 2450 806 2495 eura
829 2434 969 2495 vexatur
992 2432 1271 2513 exermiaturque,
1303 2452 1343 2497 ue.
1376 2434 1565 2496 meretriciis
1596 2433 1689 2495 runis
1722 2432 1889 2497 amoribus
1913 2434 1973 2495 oh-

266 2540 398 2604 strictus
421 2538 605 2603 Aeschinus
628 2538 821 2621 Pamphilae
844 2538 943 2603 tidem
968 2543 1081 2603 mutet.
1136 2538 1230 2616 Quae
1253 2558 1367 2602 orunes
1392 2539 1598 2602 difficultates
1624 2540 1669 2601 ita
1692 2542 1910 2617 removentur,
1935 2543 1972 2602 ut

265 2648 408 2729 primurn
432 2645 566 2729 quidem
589 2644 740 2711 Sostrata
771 2646 856 2709 euris
889 2646 949 2710 illis
981 2645 1218 2710 molestissimis
1250 2646 1403 2709 liberetur
1430 2666 1489 2727 per
1520 2646 1702 2723 Micionem,
1735 2646 1789 2728 qui
1810 2634 1971 2727 uirginem

265 2772 331 2817 non
350 2751 504 2817 Aeschini
528 2752 586 2816 scd
605 2750 812 2834 Ctesiphonis
835 2772 907 2816 esse
931 2753 1035 2817 (locet.
1082 2753 1205 2817 Deinde
1230 2773 1307 2817 vero
1326 2754 1449 2817 Demea
1474 2773 1552 2817 casu
1576 2754 1722 2835 quodam
1740 2753 1973 2834 Ctesiphonem

265 2879 362 2925 suum
387 2861 474 2925 intus
502 2860 535 2924 in
558 2859 714 2924 Micionis·
734 2860 870 2924 aedibus
900 2879 975 2923 crura
1007 2862 1174 2924 meretrice
1205 2861 1257 2925 illa
1284 2861 1499 2925 bacchantem
1531 2865 1560 2923 et
1593 2863 1764 2941 potantem
1797 2860 1974 2943 invenit.¹³)

265 2967 413 3051 Denique
437 2966 727 3049 catastrophe,
753 2971 846 3031 actus
863 2968 911 3043 V.,
935 2968 1072 3033 vertitur
1095 2968 1127 3031 in
1152 2967 1208 3044 eis,
1234 2987 1319 3048 quae
1343 2967 1485 3030 Demeae
1510 2988 1618 3030 errore
1642 2967 1771 3030 detecto
1796 2972 1974 3030 consecuta

265 3077 352 3149 sunt,
377 3072 397 3139 i.
414 3094 442 3141 c.
459 3075 492 3138 in
516 3075 690 3138 saevientis
714 3074 775 3137 illis
799 3075 886 3137 senis
910 3073 1108 3138 clamoribus
1131 3076 1160 3136 ct
1187 3074 1218 3136 in
1243 3077 1377 3155 repente
1401 3074 1549 3153 mitigato
1574 3094 1610 3137 ac
1635 3074 1732 3154 plane
1757 3077 1884 3136 mutato
1903 3073 1972 3137 eim

266 3181 386 3257 animo,
411 3200 477 3264 quo
501 3180 624 3246 tactum
647 3185 707 3258 cst,
732 3185 768 3244 ut.
791 3182 902 3245 omnia
927 3181 969 3244 ad
993 3180 1091 3244 tinem
1114 3201 1311 3263 prosperum
1335 3182 1583 3245 deducerentur.

427 3288 523 3352 Vides
548 3288 645 3369 igitur
667 3288 870 3352 meretricem
895 3288 937 3351 ab
961 3288 1124 3351 Aeschino
1148 3288 1257 3351 lenoni
1281 3290 1311 3351 ri
1337 3293 1494 3370 ereptam,
1526 3293 1563 3351 ut
1587 3290 1713 3352 videtur
1737 3288 1809 3365 sihi,
1843 3308 1878 3352 rc
1903 3288 1974 3369 ipsa

266 3399 388 3471 autem,
413 3414 477 3476 qua
502 3393 658 3476 Ctesipho
682 3395 782 3459 irater
805 3394 1030 3471 delectaretur,
1066 3395 1167 3458 totius
1193 3394 1333 3470 tabidae,
1366 3416 1438 3459 cum
1457 3416 1594 3476 graecae
1619 3401 1689 3459 tum
1715 3396 1844 3471 latinae,
1870 3396 1973 3457 actio-

266 3503 326 3578 nis,
351 3506 388 3565 ut
412 3502 458 3565 ita
480 3502 598 3579 dicam,
623 3520 787 3566 summam
812 3501 895 3565 adeo
920 3501 1056 3578 efficere,
1080 3505 1116 3564 ut
1140 3520 1179 3563 ca
1203 3501 1336 3564 sublata
1360 3501 1529 3565 Menandri
1553 3502 1700 3565 talariam
1725 3502 1882 3565 exsistere
1905 3519 1973 3564 non

265 3610 412 3691 potuisse
434 3609 645 3690 perspicuum
668 3609 763 3692 sit.¹⁴)
812 3609 877 3673 Sed
901 3628 1002 3691 quam
1025 3607 1196 3672 Terentius
1221 3608 1253 3670 in
1277 3608 1408 3689 publico
1433 3610 1575 3671 ostendit
1600 3614 1757 3691 ereptam,
1781 3608 1822 3671 dc
1846 3626 1885 3670 ea
1908 3607 1972 3670 vir-

264 3716 339 3795 gine
363 3716 396 3780 in
422 3714 592 3780 Menandri
616 3715 774 3797 Adelphis
798 3717 959 3797 expressis
982 3718 1142 3797 quantum
1167 3715 1247 3776 satis
1270 3714 1375 3777 verliis
1399 3716 1582 3795 expositum
1604 3716 1703 3778 luisse
1719 3715 1792 3779 licet
1815 3714 1973 3777 conicere.

268 3943 273 3947 -
278 3940 463 3949 *ιο-ψ..-
468 3940 520 3949 -n—
524 3939 622 3947 -....
634 3940 639 3945 -
643 3936 693 3947 d·—

427 4086 459 4153 ιῚ)
478 4091 610 4142 Fabulam
630 4108 647 4140 n
664 4091 1002 4155 veteribus'grammatieis
1025 4093 1053 4140 in
1077 4096 1201 4155 quattuor
1225 4095 1314 4155 partes
1340 4086 1451 4139 ‹lirismn
1478 4091 1561 4140 fuisse
1587 4095 1701 4139 testatur
1720 4091 1849 4145 Donatus,
1876 4089 1973 4153 fragm.

266 4182 299 4234 dc
324 4183 463 4234 comoedia
487 4186 514 4231 ct
537 4180 678 4247 tragoedia
703 4176 784 4245 (apud
802 4179 969 4229 Westerhor.
997 4180 1059 4230 edit.
1079 4181 1141 4229 arni.
1160 4195 1220 4244 pag.
1240 4178 1331 4239 Lm).
1356 4185 1382 4228 et
1405 4179 1557 4229 lhranthius
1582 4176 1658 4237 (ibid.
1685 4195 1744 4243 pag.
1770 4174 1860 4238 LVI).
1904 4176 1974 4228 Sunt

265 4279 352 4322 suumn
365 4276 456 4337 partes
468 4270 532 4321 hae:
551 4269 726 4336 prologus,
746 4270 908 4335 protasis,
928 4270 1087 4334 epitasis,
1107 4269 1334 4332 catastrophe.
1367 4269 1435 4319 Vide
1449 4278 1586 4333 praetcrea
1600 4268 1697 4316 Doriati
1712 4268 1794 4330 praef.
1810 4270 1837 4317 in
1850 4266 1974 4331 Adelph:

265 4363 311 4422 „iu
330 4360 380 4411 hac
398 4360 557 4426 prologus
576 4358 714 4424 aliquanto
734 4358 820 4408 lenior
838 4358 986 4408 inducitur:
1012 4360 1055 4423 qui
1077 4358 1163 4421 magis
1182 4358 1263 4406 ctiam
1284 4359 1312 4406 in
1331 4376 1358 4408 se
1379 4359 1516 4422 purgando
1536 4372 1614 4421 quam
1636 4358 1663 4405 iu
1684 4356 1847 4407 adversariis
1867 4356 1974 4406 laeden-

265 4451 306 4501 dis
325 4454 367 4501 cst
385 4454 539 4515 occupatus.
571 4448 723 4498 Protesia
743 4452 785 4497 est
802 4447 964 4503 turbulenta,
984 4448 1132 4513 epitasis
1153 4446 1277 4505 clamosa,
1298 4446 1519 4511 catastrophe
1539 4440 1634 4496 lenis.“
1667 4444 1744 4510 Ipsae
1764 4452 1854 4495 autem
1869 4442 1972 4494 tahida?

265 4544 342 4591 erant
359 4544 406 4589 aut
425 4539 600 4597 motoriac,
619 4540 666 4586 aut
685 4537 864 4597 statariae,
885 4540 931 4584 aut
950 4538 1077 4585 mistae.
1124 4535 1157 4583 cf.
1178 4535 1215 4585 lo.
1237 4536 1394 4601 calphurnii
1414 4538 1444 4585 l'.
1465 4535 1505 4584 Cl.
1526 4536 1553 4583 in
1576 4534 1973 4585 lleautontimorumcncm

264 4628 464 4694 prolegomena:
503 4624 591 4687 „lllnd
610 4624 884 4679 animadvertendum,
915 4640 1006 4674 ornnes
1025 4625 1201 4675 Terentianae
1221 4625 1327 4675 tabulas
1353 4640 1385 4674 cx
1410 4632 1522 4688 utroque
1543 4640 1639 4688 genere
1658 4626 1753 4674 aristas
1771 4623 1876 4685 praeter
1893 4619 1973 4669 itant·

268 4717 336 4768 Nam
358 4716 512 4767 comoediae
532 4720 579 4766 aut
597 4715 725 4763 motoriae
745 4718 814 4773 sunt,
834 4718 879 4763 aut
898 4716 1034 4773 statariae,
1054 4720 1101 4763 aut
1120 4716 1223 4765 mistae.
1267 4714 1407 4767 Materiae,
1431 4712 1616 4762 turlmleutae:
1644 4713 1786 4771 statariae,
1813 4711 1973 4775 quietiores:

264 4807 362 4858 Mistac
381 4823 414 4857 cx
432 4812 544 4870 utroque
565 4808 627 4853 actu
647 4804 832 4853 earinistcntes.

425 4887 458 4953 ¹³)
480 4894 533 4943 llic
558 4893 673 4943 actionis
703 4907 837 4941 connexus
862 4890 949 4952 doect,
975 4891 1036 4941 aliis
1061 4893 1209 4941 rationibus
1233 4892 1437 4957 praetenuissis.
1463 4896 1538 4940 actus
1564 4892 1648 4955 quimi
1676 4889 1814 4941 excirdinm
1838 4900 1890 4934 uon
1911 4881 1971 4931 inde

263 5002 342 5051 possa
362 4984 434 5045 duci,
452 4983 524 5033 unda
543 4981 678 5048 plerisque
697 4981 811 5042 ridetur,
836 4996 949 5030 aversa
975 4980 1106 5046 „Edepol
1133 4980 1249 5043 Syrisce,
1275 4990 1301 5029 te
1322 4981 1420 5029 curasti
1441 4976 1584 5039 mollitcr“,
1613 4980 1657 5043 qui
1683 4977 1765 5042 vulgo
1784 4974 1868 5023 fertur
1887 4972 1927 5031 t',
1951 4974 1973 5023 1.

263 5076 387 5140 quoniam
406 5088 439 5123 eo
457 5072 516 5121 loco
534 5086 621 5136 necque
644 5072 717 5121 actio
742 5072 808 5120 satis
835 5071 888 5119 iam
914 5069 1051 5136 implicata
1075 5085 1160 5133 nequa
1186 5070 1354 5134 proscenium
1374 5086 1486 5120 vacarum
1507 5076 1556 5120 est.
1602 5068 1656 5119 Sed
1674 5068 1724 5118 lroc
1748 5065 1806 5130 ipso
1826 5061 1894 5121 loco,
1919 5076 1972 5111 see.

264 5164 367 5213 Erasm.
387 5161 428 5219 V.,
452 5162 477 5222 3,
503 5160 549 5210 ubi
569 5166 596 5210 ct
614 5161 781 5225 proscenium
801 5158 836 5209 ab
854 5159 978 5209 omnibus
997 5159 1117 5223 personis
1143 5173 1258 5207 vacarum
1277 5164 1304 5207 et
1323 5158 1439 5209 Demeae
1459 5176 1532 5209 «error
1551 5160 1585 5209 ad
1610 5156 1739 5224 liquidum
1759 5152 1905 5220 perductus
1923 5158 1972 5211 est,

264 5268 322 5302 cram
342 5251 458 5312 Donato,
478 5250 601 5309 Decetia,
621 5250 682 5301 aliis
701 5256 778 5301 actas
798 5251 828 5298 V.
849 5250 954 5299 initium
974 5246 1188 5299 coristituendum
1209 5264 1267 5297 esse
1287 5248 1400 5298 videtur.

424 5333 456 5401 Η)
475 5341 509 5390 cf.
528 5340 661 5391 Meineki:
699 5340 856 5401 „Menandri
877 5344 904 5387 et
922 5338 1088 5388 Philemonis
1108 5332 1263 5400 reliquiae“,
1283 5353 1344 5401 pag.
1368 5342 1388 5385 l.
