4486 5932
1104 348 1126 411 5

268 567 373 626 talam
397 563 526 643 copiam
549 561 686 642 praebet
709 560 897 641 irulagandi,
923 579 1023 641 quam
1047 558 1208 624 rationem
1232 559 1265 621 in
1289 558 1425 621 diversis
1447 557 1592 639 plurium
1615 556 1802 621 tabularum
1824 557 1973 639 partibus

266 669 501 751 coniungendis
524 672 624 750 poeta
647 672 777 731 secutus
802 667 853 730 sit.
901 666 1151 730 Contaminatas
1176 685 1247 729 esse
1270 683 1342 728 ase
1366 663 1494 728 subulas
1518 667 1585 728 tres
1608 663 1780 727 manifeste
1803 663 1976 745 profitetur

265 776 447 849 Terentius,
459 775 620 839 Andriam
637 774 766 847 seilicet,
789 773 903 855 (Andr.
920 773 1000 855 prol.
1016 794 1046 835 v.
1061 775 1092 850 a,
1111 792 1141 835 v.
1163 773 1201 836 13
1223 771 1319 854 sqq).
1346 770 1539 834 Eunuchum
1556 768 1651 855 (Eun.
1668 770 1751 852 prol.
1768 791 1798 833 v.
1815 770 1860 835 30
1876 770 1973 853 sqq),

267 882 432 965 Adelphos
464 881 615 964 (Adelph.
645 880 726 961 prol.
752 900 781 942 v.
807 882 827 943 ti
852 882 939 964 sqq.)
996 880 1153 962 Reliquas
1181 881 1248 942 tres
1277 877 1518 941 contaminatas
1552 896 1625 941 esse
1654 896 1714 941 nec
1745 862 1839 941 adest
1871 877 1974 958 ipsius

266 992 384 1070 poetae
407 988 573 1062 indicium,
606 1006 712 1069 neque
736 987 802 1050 veri
834 987 938 1050 simile
969 1006 1041 1050 esse
1071 986 1209 1062 videtur,
1240 1005 1317 1049 nam
1347 984 1747 1049 Heautontimorumenon
1775 988 1873 1049 vocat
1904 985 1974 1067 ipse

266 1116 327 1172 „ex
350 1096 477 1174 integra
506 1112 623 1173 graeca
653 1093 812 1174 integram
845 1093 1071 1157 comoediam“
1103 1093 1149 1174 (id
1180 1097 1230 1156 est
1262 1091 1394 1155 anullo
1425 1093 1564 1176 tactam)
1594 1095 1626 1155 et
1654 1089 1695 1155 de
1718 1090 1916 1156 Phormione
1938 1111 1975 1155 se

265 1221 386 1266 nornen
411 1204 539 1263 tanturn
562 1218 698 1280 graecae
721 1203 869 1263 mutasse
893 1200 988 1263 doeot
1011 1200 1064 1263 his
1087 1200 1252 1281 expressis
1275 1199 1393 1275 verbiS,
1418 1199 1500 1279 prol.
1524 1218 1554 1261 v.
1580 1199 1632 1275 at,
1658 1197 1715 1261 aa:

1179 1305 1350 1388 „Adporto
1373 1324 1495 1370 novam

612 1422 618 1435 ’
692 1413 990 1494 Epidicazomenon
1013 1431 1113 1492 quam
1138 1416 1257 1476 vocant
1281 1411 1486 1476 comoediam

694 1520 818 1597 Graeci,
842 1519 947 1582 Latini
971 1518 1205 1583 Phormionem
1227 1520 1410 1595 nominant,

694 1627 778 1703 Quia
801 1627 925 1708 primas
949 1627 1051 1707 partis
1075 1627 1130 1708 qui
1156 1630 1240 1707 aget,
1265 1627 1299 1690 is'
1315 1625 1376 1689 erit
1398 1624 1555 1691 Phormio

692 1733 872 1810 Parasitus,
896 1753 955 1814 per
978 1753 1077 1814 quem
1100 1753 1152 1796 res
1175 1737 1305 1815 geretur
1328 1733 1502 1798 maxime“.
1843 1754 1851 1779 =

268 1841 353 1916 Quid
378 1842 418 1903 de
442 1840 569 1922 Hecyra
592 1841 803 1903 statuendum
828 1841 878 1916 sit,
903 1860 990 1903 nunc
1013 1840 1146 1921 quidem
1169 1841 1201 1904 in
1226 1859 1388 1920 suspenso
1412 1839 1604 1920 relinquam.

427 1946 516 2009 Haec
542 1947 573 2009 in
598 1946 740 2027 prologis
773 1946 814 2009 de
847 1947 1033 2010 fabularum
1066 1947 1255 2011 condicione
1286 1950 1404 2027 poetae
1433 1944 1552 2010 indicia
1582 1946 1745 2010 maximae
1769 1944 1974 2009 auctoritatis

268 2074 340 2115 esse
363 2053 419 2125 eis,
449 2054 504 2134 qui
528 2053 817 2116 contaminationis
841 2054 978 2134 vestigia
1001 2059 1173 2135 quaerunt,
1204 2054 1430 2134 unusquisque
1453 2052 1625 2133 intellegit:
1658 2071 1744 2134 quae
1774 2051 1800 2114 si
1825 2070 1892 2115 non
1915 2051 1975 2114 ad-

267 2170 387 2231 essent,
412 2147 521 2222 omnia
547 2164 736 2223 tenerentur
760 2161 912 2237 tenebris,
938 2180 1043 2242 neque
1067 2160 1153 2224 enim
1170 2160 1299 2234 Donati,
1324 2179 1409 2241 quae
1432 2160 1589 2235 teruntur,
1615 2158 1844 2223 adnotationes
1867 2175 1975 2240 neque

268 2267 447 2330 admodum
478 2268 616 2346 exiguae
648 2267 721 2330 illae
744 2267 877 2349 quidem
901 2268 1065 2349 reliquiae,
1090 2286 1176 2349 quae
1199 2286 1241 2331 ex
1268 2267 1347 2347 ipsis
1371 2266 1491 2330 fabulis
1514 2266 1649 2347 graecis,
1673 2266 1850 2330 latinarum
1866 2283 1976 2351 exem·

268 2374 339 2453 plis,
371 2373 468 2435 nuliis
491 2377 641 2435 servam
665 2378 751 2449 sunt,
783 2375 967 2441 sufficerent
1001 2374 1044 2438 ad
1072 2379 1190 2455 poetae
1221 2378 1325 2437 artem
1358 2374 1390 2437 in
1414 2370 1679 2436 contaminandis
1703 2371 1823 2435 fabulis
1847 2369 1975 2453 perspi-

268 2497 364 2540 cuam
389 2479 486 2559 plane
510 2480 783 2559 cognoscendam.
842 2481 892 2545 lta
916 2483 1026 2546 autem
1050 2482 1169 2545 summi
1202 2482 1297 2544 nobis
1329 2485 1405 2544 sunt.
1436 2481 1530 2561 pretii
1554 2480 1615 2543 loci
1640 2480 1694 2554 illi,
1726 2478 1845 2561 quibus
1874 2477 1975 2541 verba

268 2606 385 2667 graeca
417 2587 525 2648 latinis
557 2587 775 2653 conteruntur.
830 2587 896 2651 Sed
924 2607 1128 2671 quamquam
1151 2587 1375 2651 commentarii
1401 2586 1453 2664 illi,
1486 2587 1542 2668 qui
1565 2586 1685 2650 Donati
1710 2585 1842 2649 nomine
1865 2584 1976 2648 ierun-

270 2697 330 2760 tur,
363 2693 395 2755 in
420 2693 642 2773 intellegendis
667 2699 699 2755 et
722 2695 936 2759 emendandis
959 2695 1090 2758 Terenti
1122 2694 1298 2758 comoediis
1326 2694 1539 2775 praecipuum
1567 2694 1676 2757 locum
1707 2694 1828 2765 tenent,
1864 2694 1975 2756 tomen

268 2804 362 2862 caute
387 2800 432 2861 eis
457 2800 616 2863 uterulum
641 2800 731 2882 est.⁴)
777 2800 915 2865 Constat
939 2802 1026 2865 enim
1049 2822 1106 2865 eos
1129 2822 1201 2865 esse
1224 2801 1421 2882 farraginem
1445 2800 1612 2882 quandam
1638 2816 1678 2863 ex
1701 2799 1812 2863 multis
1835 2798 1976 2862 aliorum

269 2907 558 2986 grammaticorum
583 2907 860 2971 adnotatiunculis
885 2908 1102 2993 conflatam,·'’)
1126 2909 1280 2990 equibus
1304 2927 1390 2989 quae
1406 2907 1525 2971 Donati
1548 2905 1623 2983 sint,
1647 2925 1777 2970 summa
1800 2924 1880 2969 cura
1902 2923 1977 2968 eru·

270 3012 373 3074 erulue
397 3017 484 3075 sunt.

429 3119 497 3181 lam
521 3139 618 3194 nunc,
651 3140 724 3183 eum
749 3140 834 3202 quae
861 3121 1103 3202 praemittenda
1127 3140 1198 3185 esse
1222 3121 1292 3184 visa
1316 3125 1389 3185 sunl
1425 3120 1566 3184 breviter
1589 3119 1806 3203 exposuerim,
1837 3118 1976 3182 transire

268 3223 340 3287 licet
365 3225 408 3287 ad
432 3245 501 3287 rem
524 3228 738 3307 propositam.
787 3227 962 3304 Quaeritur
986 3229 1082 3304 enim,
1107 3249 1206 3309 quam
1225 3228 1396 3292 Terentius
1421 3229 1508 3292 viam
1532 3228 1564 3291 in
1588 3227 1707 3291 fabulis
1722 3226 1791 3290 'illis
1815 3226 1976 3290 contami·

269 3331 387 3393 nandis
411 3332 572 3396 institerit.
619 3333 767 3415 Apparet
790 3339 902 3399 antem
925 3355 964 3397 ex
996 3335 1052 3409 eis,
1084 3355 1169 3416 quae
1200 3354 1300 3415 supra
1333 3335 1478 3416 exposui,
1511 3335 1663 3415 deinceps
1694 3334 1726 3396 in
1750 3333 1977 3415 quaestionem

269 3439 436 3500 vocandas
465 3459 537 3501 esse
567 3441 736 3518 Andriam,
774 3442 979 3519 Eunuchum,
1014 3442 1193 3523 Adelphos.
1258 3441 1324 3504 Sed
1348 3442 1390 3505 ab
1414 3442 1476 3505 hae
1507 3441 1685 3505 disserendi
1716 3440 1843 3504 initium
1870 3439 1977 3503 fucere

273 3541 376 3605 liceat.

914 3974 1336 4076 Adelphos

434 4169 704 4233 lueundissimam
737 4170 822 4233 hanc
854 4169 1002 4232 tabulam
1032 4170 1202 4235 Terentius
1235 4173 1301 4235 fere
1331 4175 1437 4235 totam
1465 4171 1647 4235 seeundum
1675 4170 1845 4236 Menandri
1878 4171 1979 4237 Adel-

274 4273 357 4351 phos
382 4274 480 4337 latine
504 4275 673 4352 eoru'ertit,
705 4277 730 4338 si
756 4276 888 4357 quidem
905 4274 1103 4340 didascaliae
1127 4281 1158 4341 et
1175 4277 1293 4341 Donati
1318 4278 1504 4342 testimonio
1523 4277 1622 4342 fidem
1637 4278 1809 4342 habemus
1845 4276 1979 4356 Quanta

275 4377 438 4457 diligentia
468 4386 565 4461 poeta
595 4382 716 4446 latinus
751 4384 857 4465 graeci
886 4387 1005 4464 poetae
1032 4385 1166 4466 vestigia
1195 4386 1360 4466 presserit,
1391 4386 1521 4449 Donato
1545 4386 1627 4449 duce
1657 4389 1773 4466 postea
1799 4385 1980 4451 videbimus

274 4483 408 4547 adiectis
433 4506 498 4549 una
522 4489 645 4570 exiguis
669 4490 801 4571 quidem
825 4491 885 4555 illis
909 4508 1046 4572 graecae
1069 4490 1221 4571 reliquiis.
1267 4491 1430 4573 Principio
1454 4494 1564 4556 autem
1588 4492 1763 4556 dicendum
1785 4496 1836 4557 est
1857 4492 1981 4558 Teren-

272 4717 323 4725 ο...-

435 4875 456 4941 4)
480 4881 512 4930 el.
534 4881 728 4947 Umpienhach.
747 4883 811 4933 edit.
831 4885 948 4947 Terent,
969 4894 1097 4951 apparatu
1117 4889 1209 4937 critico
1228 4890 1313 4950 lustr,
1336 4891 1411 4948 1870,
1431 4888 1513 4954 praef.
1532 4888 1761 4955 pag.xxxv111.
1782 4906 1838 4955 sqq.

432 4966 454 5032 ⁵)
473 4971 592 5021 Euanthi
612 4973 674 5021 aeli
695 4970 794 5023 Donati
820 4974 940 5039 aequalis
965 4978 1192 5038 commentarium,
1217 4979 1293 5027 ouius
1313 4979 1474 5028 mentionem
1493 4977 1559 5027 fucit
1577 4977 1697 5040 Rufinus,
1721 4980 1749 5029 in
1768 4977 1872 5029 scholia
1890 4978 1980 5028 Dono·

275 5058 348 5108 tiana
368 5060 505 5112 influxisse
525 5064 592 5112 scite
612 5064 764 5128 suspicatus
784 5068 825 5114 est
844 5063 947 5114 Usener
966 5066 993 5114 in
1010 5064 1078 5114 Nor.
1097 5065 1165 5117 llus.
1184 5067 1268 5118 lthen.
1288 5066 1386 5118 XXIII.
1405 5084 1466 5134 pag.
1487 5070 1538 5119 495
1557 5084 1614 5135 sqq.
