4486 5932
1146 83 1154 100 t

650 241 895 248 „ww
908 109 1934 248 „„,Am.,‚-m„..-

1081 688 1088 696 u
1118 686 1175 696 ‹ue-1¹·
1207 684 1285 697 usurum
1302 687 1457 697 ..maoz-avers!

395 808 485 871 fratri
514 808 684 890 psaltriam
711 808 800 871 illam
830 808 1009 891 paravisse,
1045 808 1199 890 Ctesipho
1229 808 1299 891 ipse
1328 810 1438 892 paullo
1468 810 1601 874 inlerius
1630 810 1681 891 (ll.
1714 812 1744 887 3,
1774 831 1804 875 v.
1834 815 1855 876 8
1885 810 1949 898 sq.)
1979 814 2100 895 gaudio

395 913 565 979 exsultans
589 913 671 995 Syro
695 919 841 979 enarrat:

846 1069 853 1083 .
946 1070 952 1083 .
981 1021 1084 1095 „illius
1107 1020 1287 1104 (Aeschini)
1311 1040 1422 1103 opera,
1448 1022 1538 1105 Syre,
1562 1040 1648 1086 nunc
1671 1023 1756 1099 vivo,

630 1125 691 1201 Qui
716 1124 911 1206 ignominias
935 1126 995 1189 sibi
1020 1132 1095 1209 post
1119 1126 1247 1209 putavit
1270 1147 1342 1191 esse
1365 1147 1444 1211 prae
1467 1149 1542 1193 meo
1567 1129 1752 1207 commode,

629 1232 811 1310 Maledicta,
836 1234 970 1309 lamam,
995 1254 1105 1298 meum
1129 1236 1276 1298 lahorem
1300 1237 1330 1297 et
1355 1238 1526 1316 peecatum
1550 1235 1582 1298 in
1607 1256 1642 1298 se
1666 1236 1861 1301 transtulit.“

554 1337 743 1415 lemnum,
776 1345 954 1422 postquam
985 1360 1071 1422 quae
1095 1361 1115 1404 a
1137 1340 1291 1404 Terentio
1315 1360 1333 1402 e
1355 1340 1475 1423 Diphili
1504 1342 1675 1405 comoedia
1706 1343 1740 1407 in
1768 1344 1904 1407 latinam
1932 1343 2100 1426 Adelphos

394 1444 517 1507 inserta
541 1448 627 1519 sunl,
652 1444 868 1521 definivimus,
894 1447 1006 1527 paucis
1031 1447 1063 1510 in
1088 1447 1247 1528 reliquum
1263 1446 1395 1509 fabulae
1419 1450 1649 1529 argumentum
1673 1450 1904 1531 inquirendum
1927 1453 1986 1525 est,
2010 1449 2099 1531 quod

395 1551 576 1615 secundum
606 1550 776 1615 Menandri
807 1552 954 1616 fabulam
987 1573 1178 1636 expressum
1213 1558 1273 1616 est.
1331 1552 1440 1635 Atque
1472 1554 1505 1617 in
1538 1555 1729 1618 universum
1759 1557 1892 1637 quidem
1923 1556 2101 1621 Graucrtns

396 1658 483 1741 (pag.
511 1658 573 1719 136
597 1658 683 1739 sqq.)
708 1662 738 1721 et
763 1658 873 1722 llmius
904 1658 1059 1742 (quaesti.
1084 1679 1158 1741 pag.
1184 1660 1225 1722 227
1250 1662 1336 1743 sqq.)
1367 1661 1447 1723 salis
1471 1661 1640 1742 diligenter
1662 1666 1695 1725 ct
1718 1668 1870 1726 accurate
1894 1664 2101 1728 demonstra-

395 1770 472 1830 runt
487 1764 676 1829 Terentium
692 1765 862 1828 Menandri
885 1765 1022 1845 vestigia
1045 1766 1212 1847 pressisse.
1251 1767 1427 1847 Reliquum
1450 1771 1500 1829 est
1516 1764 1622 1849 igitur,
1645 1773 1682 1832 ut
1698 1768 1816 1849 quihus
1832 1768 1911 1832 locis
1929 1772 1972 1833 ab
1989 1790 2103 1835 eorum

395 1870 558 1935 sententia
581 1870 816 1939 discedendum
841 1890 913 1934 esse
935 1871 1094 1947 videatur,
1119 1870 1208 1935 brevi
1232 1871 1379 1935 doceam.

555 1978 602 2040 Ac
633 1979 777 2060 primum
808 1977 940 2059 quidem
979 1997 1064 2058 quae
1093 1978 1241 2042 Donatus
1287 1978 1330 2040 ad
1360 1977 1506 2053 Micionis
1541 1998 1738 2056 sermonem,
1774 1981 1797 2043 l.
1831 1982 1859 2055 1,
1890 2000 1920 2043 r.
1957 1980 2005 2053 18,
2046 1981 2101 2042 le:

400 2085 508 2166 „quod
531 2084 735 2147 fortunatum
760 2084 810 2147 isti
836 2090 964 2168 piuant,
990 2103 1125 2148 uxorem
1148 2104 1331 2166 numquam
1352 2083 1470 2148 habui“
1496 2082 1697 2149 Menandrea
1724 2085 1877 2166 alte1t¹²):
1901 2078 1925 2143 ὦ
1948 2079 2100 2165 μακάριόν

395 2214 440 2270 με,
471 2191 599 2270 γυναῖκα
631 2188 668 2252 ori
698 2185 843 2268 λαμβάνω
879 2188 1002 2265 (nescio
1031 2210 1074 2253 all
1103 2190 1279 2271 legendum
1311 2192 1350 2253 sii
1379 2191 1440 2253 ila:
1480 2181 1503 2247 ὦ
1540 2191 1602 2272 τρὶς
1630 2188 1784 2274 μακάριόν
1810 2188 1839 2269 μ’
1870 2188 1902 2263 ὃς
1923 2187 2038 2270 γυναῖκ’
2065 2186 2103 2250 οὗ

396 2293 596 2381 λαμβάνωῑθ),
620 2317 642 2360 a
664 2297 817 2360 Terentio
841 2297 902 2360 illis
926 2298 1071 2361 Micionis
1099 2298 1205 2360 verbis
1235 2297 1363 2360 reddita
1396 2316 1467 2359 esse
1496 2298 1628 2379 probari
1658 2317 1726 2361 non
1749 2301 1868 2380 polest,
1899 2315 2103 2378 quamquam

397 2404 585 2479 Meinekius,
610 2403 800 2477 Grauerlus,
833 2405 884 2467 alii
910 2405 955 2468 ita
978 2405 1101 2467 lactum
1126 2424 1197 2467 esse
1221 2406 1428 2467 censuerunt.
1482 2402 1567 2466 Nam
1597 2408 1684 2467 recte
1714 2403 1825 2467 llmius
1856 2405 1968 2464 monet
1992 2402 2103 2475 verba,

397 2531 482 2594 quae
506 2510 595 2593 apud
607 2509 772 2573 Donatum
789 2511 942 2591 leguntur
965 2530 1092 2590 graeca,
1117 2531 1234 2593 parum
1258 2514 1335 2591 apta
1360 2527 1432 2570 csse
1456 2509 1558 2572 videri
1582 2511 1729 2593 placidae
1753 2514 1785 2573 et
1808 2508 1939 2590 quietae
1957 2505 2104 2569 Micionis

398 2619 485 2683 senis
509 2615 658 2681 orationi.
705 2616 818 2698 Neque
843 2617 921 2679 mihi
946 2615 997 2679 ille
1020 2636 1134 2679 versus
1158 2636 1304 2697 graecus,
1336 2614 1410 2677 licet
1433 2614 1604 2679 Menandri
1627 2618 1679 2693 sit,
1704 2615 1891 2680 Terentiani
1915 2612 2101 2695 exemplum

398 2725 497 2789 luisse
521 2723 659 2787 videtur.
707 2721 740 2784 Si
766 2722 852 2785 enim
875 2742 924 2797 ea,
950 2742 1034 2804 qnae
1057 2722 1206 2786 Donatus
1231 2723 1273 2786 ad
1296 2721 1442 2784 Micionis
1465 2720 1653 2785 Terentiani
1677 2703 1783 2787 verba*
1802 2719 1985 2802 adscripsit,
2010 2736 2105 2781 accu-

398 2834 468 2893 rate
492 2828 758 2903 consideraveris,
783 2829 948 2910 intelleges
972 2848 1046 2892 eum
1064 2828 1125 2891 hoc
1149 2829 1221 2893 loco
1244 2827 1400 2910 exemplis
1423 2828 1589 2891 nonnullis
1614 2848 1689 2891 cum
1706 2814 1866 2891 Romanis
1890 2831 1962 2890 tum
1982 2824 2105 2906 graecis

399 2935 505 2999 allatis
529 2935 655 3009 docere,
687 2934 767 3016 quid
797 2935 938 2997 Romani
967 2935 1112 3017 quidque
1136 2937 1248 3000 Graeci
1282 2934 1495 2998 iudicaverint
1525 2935 1567 2996 de
1595 2954 1696 2998 uxore
1725 2932 1885 2995 ducenda.
1940 2931 2106 2993 intereas

400 3046 509 3105 autem
534 3042 722 3115 sententias
755 3062 838 3124 quas
871 3041 1069 3123 depravatas
1100 3042 1232 3124 quidem
1255 3040 1440 3123 corruptela
1461 3040 1579 3103 Donati
1611 3038 1865 3103 commentarius
1888 3036 1989 3099 habet
2013 3055 2106 3116 grae-

400 3168 465 3222 cas,
491 3147 517 3209 is
540 3166 673 3228 quoque
696 3167 780 3210 unns
805 3147 921 3229 aliquis
945 3149 1114 3211 Menandri
1139 3169 1252 3213 versus
1275 3153 1335 3223 esl,
1360 3147 1414 3229 qui
1439 3166 1514 3210 cum
1539 3147 1571 3211 in
1595 3150 1745 3209 nostrum
1764 3144 1874 3207 locum
1897 3162 1965 3205 non
1988 3161 2106 3205 comre-

399 3254 478 3327 niat‚
511 3257 622 3315 tamen
653 3254 698 3316 ita
729 3258 777 3316 est
807 3260 1027 3336 comparatus,
1061 3259 1097 3317 ut
1126 3257 1157 3318 in
1186 3255 1298 3319 multis
1327 3254 1398 3317 aliis
1426 3253 1595 3317 Menandri
1627 3252 1745 3317 fabulis
1769 3250 1878 3314 locum
1902 3250 2024 3313 habere
2049 3267 2107 3330 po·

400 3360 507 3423 tuerit.

561 3466 684 3530 Deinde
708 3465 785 3528 nihil
810 3449 935 3530 cerium
960 3468 1087 3532 videtur·
1110 3469 1170 3532 dici
1196 3488 1293 3551 posse
1318 3468 1359 3530 dc
1382 3488 1420 3530 co
1445 3468 1638 3546 fragmenta,
1664 3466 1752 3546 qnod
1777 3465 1939 3526 Stolmeus
1965 3462 1995 3523 in
2019 3461 2106 3523 lluri-

401 3573 484 3653 legio
508 3572 660 3657 (Meinelr.
685 3574 801 3655 fragm.
826 3575 938 3638 comic.
964 3594 1069 3653 graec.
1096 3575 1145 3636 lV.
1170 3595 1243 3657 pag.
1268 3574 1323 3654 aa)
1349 3574 1393 3635 ita
1417 3573 1561 3634 exhibet:

876 3686 930 3758 atq
953 3676 1123 3761 arpotlr'qacog
1148 3675 1342 3757 athomum
1367 3685 1463 3737 ποιῶν

871 3766 1009 3865 landaph?
1035 3785 1166 3860 «taurum,
1191 3784 1246 3847 οὐκ
1270 3783 1402 3865 c'chpon
1425 3782 1506 3854 ἕξει-ς
1528 3783 1606 3860 βίον,

404 3910 476 3953 cium
502 3910 615 3953 versus
640 3892 741 3968 latini,
766 3893 820 3974 qui
845 3893 895 3955 his
919 3894 1055 3956 conferri
1081 3894 1196 3965 solent,
1221 3892 1282 3957 Ad.
1308 3893 1329 3954 l.
1359 3893 1385 3961 1,
1410 3890 1452 3953 47
1477 3910 1541 3971 sq:

803 3998 876 4071 „lile
900 4018 996 4079 quem
1022 4000 1179 4063 henelicio
1203 4000 1363 4079 adiungas
1387 4018 1425 4061 ex
1450 3996 1561 4059 animo
1585 3994 1671 4071 lacit,

801 4105 916 4169 Studet
942 4126 1001 4188 par
1025 4108 1153 4183 referre,
1178 4125 1333 4188 praesens
1358 4105 1544 4185 absensque
1568 4103 1653 4165 idern
1678 4102 1756 4165 eril“

405 4212 583 4274 admodum
608 4212 781 4275 dissimiles
805 4214 869 4275 sint
894 4217 925 4274 cl.
949 4213 1113 4276 Stolmens
1136 4232 1256 4276 nomen
1281 4212 1421 4285 tabulae,
1446 4212 1534 4274 uncle
1557 4210 1636 4273 illud
1660 4208 1830 4289 decerpsit,
1855 4225 1921 4268 non
1946 4201 2109 4266 adiecerit.

405 4318 493 4380 ldem
518 4319 596 4381 mihi
620 4319 794 4381 diccmlnm
818 4341 890 4381 esse
914 4320 1042 4384 videtur
1065 4321 1106 4382 de
1130 4320 1184 4395 cis,
1210 4338 1295 4401 quae
1319 4318 1484 4382 Stolracus
1508 4316 1611 4400 (apud
1634 4314 1771 4377 Meinek.
1796 4332 1869 4394 pag.
1896 4309 1952 4394 70)
1976 4310 2111 4373 Menan-

405 4424 452 4486 dri
478 4426 589 4488 all'erl:

1115 4511 1151 4574 ιη’·
1175 4519 1330 4573 λυποῦντα
1354 4512 1400 4572 δεῖ

842 4616 1008 4701 παιδάριον
1031 4618 1155 4701 ὀρθοῦν,
1180 4616 1256 4681 ἀλλὰ
1281 4621 1332 4677 acti
1355 4613 1504 4679 :ratramni
1529 4639 1567 4689 rr,
1594 4651 1632 4659 -

568 4918 601 4983 ¹⁷)
620 4927 718 4975 Donati
748 4927 956 4976 conuncntarins
985 4926 1093 4976 exlrihet
1112 4926 1191 4975 hacc:
1221 4925 1254 4973 Et
1275 4924 1345 4988 quod
1364 4923 1525 4970 hirtunatum
1546 4920 1607 4968 isti
1627 4922 1729 4984 putant.
1768 4917 1908 4966 Romani
1933 4912 2046 4975 scilicet,
2066 4912 2111 4977 qni

408 5036 463 5065 “⁰⁰
473 5017 538 5066 ΗΜ·
548 5033 571 5064 ¹¹¹
586 5018 662 5079 ‘llfflssi
677 5016 834 5065 coelitem
849 5015 948 5064 dicum.
980 5017 1016 5065 Et
1030 5018 1093 5065 ilem
1108 5016 1213 5067 (Maeci.
1227 5013 1296 5078 apud
1310 5028 1375 5076 qnos
1390 5019 1450 5060 sunt
1461 5009 1613 5059 huiusmodi
1627 5008 1775 5058 sententiae
1790 5042 1796 5054 .
1811 5043 1817 5055 .
1832 5042 1838 5054 .
1854 5044 1859 5054 .
1873 5041 1879 5054 .
1893 5005 1928 5055 m
1942 5004 2007 5053 alibi
2021 5037 2111 5051 .....

408 5108 480 5156 Dicit
500 5112 588 5154 antem
604 5102 946 5165 (terentius)Ronranis
967 5106 992 5153 id
1011 5104 1107 5161 rideri,
1127 5120 1193 5168 (pros
1207 5108 1370 5168 spectatores
1385 5100 1472 5149 hahet.
1503 5098 1663 5147 Menander:
1684 5076 1708 5143 ὦ
1730 5077 1884 5163 μακάριόν
1906 5102 1950 5160 με,
1982 5078 2111 5159 γυναῖκα

409 5190 445 5251 or'·
468 5184 621 5268 λαμβάνω.

571 5283 602 5351 ¹⁸)
621 5292 774 5343 Meinelrins
794 5292 810 5340 l.
831 5310 853 5341 c.
874 5310 933 5359 pag.
947 5295 975 5342 lt:
996 5272 1019 5338 ὦ
1044 5280 1107 5361 τρίς
1129 5299 1164 5354 με
1188 5270 1346 5357 μακάριον,
1371 5270 1486 5351 γυναῖκ’
1511 5271 1548 5331 or'⁹
1571 5266 1725 5348 laq-aian.
