4486 5932
532 797 597 861 Sed
621 799 785 875 niurirum,
814 798 839 860 si
872 818 1003 861 scenam
1027 799 1062 861 ll.
1097 799 1111 861 1
1138 800 1380 879 comparaveris
1404 818 1479 862 eum
1503 800 1525 862 l.
1552 802 1581 877 t,
1616 802 1646 863 in
1671 822 1789 880 rerum,
1824 825 1910 886 quae
1940 806 1971 870 in
2004 827 2080 888 pro-

372 902 481 968 scenio
501 908 651 985 aguntur,
678 906 916 979 consecutione,
940 906 1097 986 temporis
1121 909 1270 986 respectu
1295 906 1418 981 halrito,
1443 907 1605 970 ridebitur
1631 909 1739 989 aliqua
1760 910 1935 975 ditticultas
1963 914 2078 976 inesse.

372 1012 457 1074 Nam
482 1012 653 1076 manifeste
676 1013 799 1075 Denrea
823 1010 859 1095 (l.
886 1014 915 1089 ἓ,
938 1032 970 1075 r.
995 1010 1119 1095 8-13)
1143 1013 1192 1075 his
1217 1012 1341 1075 verbis:

750 1119 866 1193 ,Fores
890 1120 1013 1199 ell'regit
1039 1124 1138 1201 atque
1163 1120 1194 1183 in
1218 1120 1316 1183 aedes
1341 1121 1439 1183 inruit

745 1226 895 1289 Alienos:
919 1226 1028 1307 ipsum
1052 1226 1222 1289 dornimmr
1246 1231 1346 1308 atque
1370 1247 1502 1289 ornnem
1527 1228 1682 1291 familiam

745 1332 898 1395 ltlnlcavit
921 1352 1024 1413 usque
1049 1332 1091 1395 ad
1115 1337 1272 1397 mortem:
1297 1334 1412 1415 eripuit
1438 1336 1607 1397 rrrulierenr

746 1440 854 1515 Quam
878 1440 1022 1502 amabat.
1047 1440 1191 1503 clamant
1215 1461 1329 1505 ornnes
1354 1442 1589 1521 indigrrissume

744 1545 879 1609 Factum
904 1567 992 1610 esse:
1018 1546 1079 1608 hoe
1103 1546 1288 1609 admnienti
1312 1550 1393 1627 quot
1418 1547 1506 1619 mihi,
1531 1547 1635 1621 Micio,

744 1651 859 1716 Dixere
884 1653 916 1714 in
941 1657 1028 1716 orest
1052 1654 1140 1716 omni
1164 1655 1306 1734 populo“

372 1756 429 1839 (sc.
467 1757 668 1821 Aeschinum
704 1758 872 1821 mulierem
909 1760 940 1822 vi
965 1760 1153 1842 arripuisset
1187 1780 1225 1822 ea
1264 1762 1329 1824 iarn
1360 1761 1445 1823 tacta
1482 1766 1580 1841 atque
1615 1766 1802 1843 perpetrata
1837 1784 1909 1826 esse
1947 1766 2077 1849 irnlicat,

371 1881 456 1943 quae
483 1864 519 1927 Il.
558 1865 586 1941 1,
623 1865 635 1926 1
668 1885 739 1946 sqq.
770 1864 902 1928 demum
933 1867 965 1928 in
995 1886 1094 1929 scena
1117 1871 1267 1945 aguntur.
1328 1868 1441 1949 ltaque
1476 1869 1537 1931 hoe
1566 1870 1637 1932 loeo
1673 1872 1916 1934 contaminatae
1946 1873 2077 1936 t’almlae

371 1973 506 2053 vestigia
544 1976 675 2035 exstant
713 1973 793 2036 satis
832 1977 947 2053 aperta
985 1978 1014 2037 et
1049 1978 1194 2057 possunt
1232 1974 1327 2038 nobis
1373 1996 1445 2037 esse
1475 1977 1624 2057 exemplo
1654 1977 1685 2039 in
1727 1977 1982 2041 demonstranda
2023 1980 2075 2041 illa

371 2080 506 2155 ratione,
546 2099 612 2161 qua
641 2079 814 2143 Terentius
845 2084 974 2162 partem
1009 2082 1152 2163 aliquam
1185 2102 1223 2145 ex
1260 2082 1323 2145 alia
1356 2102 1473 2163 graeca
1507 2082 1540 2145 in
1577 2102 1661 2151 erun,
1700 2105 1801 2164 qnam
1836 2085 1935 2147 latine
1970 2086 2074 2161 vertit,

371 2185 516 2250 tabulam
545 2188 747 2268 transposuit
776 2192 810 2251 et
839 2189 1008 2251 coniunxit
1036 2192 1154 2270 ‘partes
1185 2190 1267 2251 inter
1301 2209 1336 2251 se
1370 2188 1603 2269 discrepantes.
1665 2190 1747 2251 (han
1789 2192 1876 2255 enim
1908 2192 1939 2254 iu
1971 2192 2077 2273 prima

371 2292 483 2359 sabula
525 2292 575 2375 (ll.
613 2294 627 2356 1
667 2298 698 2357 et
733 2294 765 2377 ἓ)
800 2294 971 2358 Menandri
1010 2299 1237 2376 argumentum
1274 2298 1426 2357 accurate
1461 2300 1490 2357 et
1532 2295 1702 2373 diligenter
1744 2298 1967 2377 expressisset,
2015 2299 2077 2361 hoc

370 2402 442 2482 ipso
469 2400 541 2464 loco
571 2398 622 2485 (ll.
651 2402 678 2485 1,
716 2398 838 2486 1-42)
881 2402 1075 2483 interposuit
1110 2422 1193 2477 cani,
1235 2420 1334 2483 quarn
1366 2424 1384 2464 e
1413 2401 1532 2482 Diphili
1566 2402 1678 2465 sabula
1712 2404 1849 2483 petitam
1882 2424 1953 2465 esse
1983 2405 2077 2465 intel-

370 2508 517 2584 leximus,
541 2512 679 2592 partem,
705 2507 841 2584 sedita,
865 2511 903 2571 nt
925 2528 1010 2589 quae
1034 2513 1130 2571 antea
1144 2508 1266 2573 [terrica
1278 2509 1405 2573 Micioni
1425 2509 1515 2572 tratri
1540 2512 1613 2571 acta
1636 2510 1702 2572 ianr
1726 2514 1756 2572 et
1781 2514 1873 2589 qesta
1896 2511 2071 2586 enarravit,

371 2634 409 2677 ea
432 2614 495 2678 hae
519 2614 651 2676 demum
676 2633 774 2677 scena
798 2615 841 2677 ob
865 2617 1088 2695 spectatorum
1112 2615 1223 2678 oeulos
1247 2615 1463 2678 obicerentur.
1516 2616 1609 2692 Quae
1633 2618 1789 2697 temporis
1812 2617 1938 2680 ratione
1962 2617 2074 2679 lmhita

371 2740 446 2784 curn
469 2721 553 2783 inter
576 2740 611 2782 se
636 2720 844 2784 vehementer
868 2720 1061 2802 discrepent,
1087 2725 1198 2784 tamen
1222 2722 1338 2785 maluit
1361 2727 1460 2803 poeta
1484 2723 1568 2785 hane
1593 2722 1766 2787 admittere
1790 2724 2076 2805 neglegentiuneu·

371 2826 446 2904 lam,
472 2846 571 2909 quarn
596 2827 628 2890 in
653 2827 725 2908 ipso
749 2826 879 2891 fabulae
903 2828 1036 2891 exordio
1060 2828 1187 2909 longius
1207 2850 1226 2893 a
1243 2829 1412 2893 Menandri
1438 2834 1631 2909 argumento
1650 2830 1825 2892 discedere.
1867 2830 1980 2910 ltaque
1997 2830 2076 2892 laur

370 2952 501 3016 quoque
526 2954 576 2997 res
601 2934 719 2997 indicio
743 2954 814 2997 esse
837 2936 956 3015 poterit
980 2935 1167 2999 Terentium
1193 2940 1332 3017 excepta
1355 2936 1419 3009 illa,
1444 2955 1529 3017 qaae
1553 2957 1570 2997 e
1587 2935 1706 3017 Diphili
1730 2935 1898 2998 comoedia
1923 2936 2077 3016 ‹learpta

370 3046 429 3119 est,
453 3042 614 3123 particula
637 3046 788 3105 accurate
811 3042 981 3106 Menandri
1005 3044 1190 3125 exemplum
1214 3048 1363 3107 secutum
1387 3062 1469 3105 esse.
1516 3043 1600 3105 Nam
1625 3047 1811 3123 temporum
1835 3041 1984 3104 ordinem
2009 3047 2075 3105 tm·-

370 3149 485 3213 batum
509 3168 581 3212 esse
603 3149 813 3212 manifestum
838 3154 897 3225 est,
922 3151 1072 3230 quamvis
1096 3152 1228 3215 concedi
1245 3153 1348 3233 possit
1373 3151 1512 3214 rnulturn
1530 3150 1686 3231 temporis
1711 3150 1743 3212 in
1768 3149 1935 3231 eripienda
1952 3150 2075 3231 vimine

370 3256 500 3319 absumi
523 3256 681 3337 potuisse,
705 3255 751 3317 ita
775 3260 809 3318 ut
835 3256 1028 3319 adveniente
1053 3257 1174 3320 Dernea
1197 3263 1310 3322 exorta
1338 3259 1408 3322 rixa
1439 3264 1573 3339 propter
1603 3276 1741 3337 magnas
1772 3256 1842 3319 illus
1867 3256 2075 3319 dillieultales

369 3382 428 3445 per
459 3363 592 3443 longum
623 3366 753 3443 tempus
784 3363 977 3426 traheretur.
1036 3363 1130 3426 lianc
1160 3369 1269 3427 autem
1301 3366 1553 3446 discrepantiam
1583 3366 1635 3427 rix
1666 3364 1787 3427 evitare
1818 3364 1922 3442 potnit
1954 3364 2075 3426 Teren-

370 3471 445 3547 tius,
469 3469 495 3532 si
512 3472 648 3545 retent0,
673 3472 833 3550 quantum
849 3468 918 3533 lieri
935 3476 1056 3551 posset,
1081 3471 1249 3534 Menandri
1274 3475 1467 3552 argumento
1490 3472 1593 3549 ipsam
1619 3470 1819 3531 meretricem
1848 3470 1878 3529 in
1901 3471 2072 3547 proscenio

369 3581 515 3658 ereptam
541 3575 713 3639 ostendere
736 3576 849 3639 voluit.
913 3577 1037 3654 Quodsi
1067 3582 1163 3658 pocta
1192 3579 1374 3649 Romanus,
1408 3596 1481 3639 curn
1512 3575 1589 3637 nihil
1615 3575 1719 3654 magis
1744 3572 1890 3635 studeret
1914 3593 2013 3654 qaam
2039 3578 2074 3636 ut

369 3683 498 3746 tabulas
537 3703 614 3746 suas
652 3682 880 3747 Romanorum
929 3684 1052 3747 iudiciis
1100 3685 1255 3765 probaret
1305 3703 1485 3764 eorumque
1535 3679 1705 3744 stomacho
1756 3679 2074 3761 accornmodaret,¹⁶)

367 3862 582 3871 ——---—--·--
591 3863 793 3870 .-—--—-

368 3978 416 4022 est.
448 3971 597 4036 Guyetua
617 3970 745 4036 „colapho
765 3967 906 4033 inrpaeto“,
931 3970 1181 4022 Westerhovius
1207 3968 1480 4034 „e.oll0(!linl'raclo‘⁸
1500 3970 1553 4033 legi
1574 3969 1731 4017 maluerunt.
1764 3968 1817 4017 Sed
1835 3968 1910 4017 vides
1931 3985 1981 4016 non
2003 3982 2070 4031 opas

367 4077 427 4111 esse
445 4060 487 4110 his
507 4061 674 4110 coniecturis.
720 4060 817 4109 Nescio
837 4066 925 4109 autern
946 4076 981 4109 an
1000 4068 1069 4131 recte
1090 4061 1213 4126 (inpetus
1232 4076 1263 4109 eo
1285 4060 1342 4109 loeo
1362 4059 1522 4107 'l'orentiano
1543 4057 1684 4121 tergendam
1705 4074 1762 4107 esse
1783 4064 1908 4107 censeat:
1930 4055 2073 4118 „colaphos

368 4150 534 4216 impegit
559 4148 594 4207 (v.
615 4146 773 4214 impingere)
797 4144 889 4208 mihi“,
916 4163 982 4213 qnae
1008 4149 1158 4197 emendatio
1178 4150 1243 4199 satis
1262 4145 1350 4197 facilis
1370 4146 1484 4196 dicenda
1502 4152 1551 4195 est.
1581 4146 1674 4195 Possis
1693 4147 1773 4194 ctiam
1794 4144 1923 4193 scrihere:
1954 4142 2072 4202 „cola-

368 4238 449 4303 phos
469 4237 600 4288 inflixit
619 4234 730 4286 mihi“.

527 4320 560 4389 ¹⁶)
580 4327 614 4376 ct.
628 4326 821 4392 Ktinighoff.
847 4327 906 4387 „De
920 4329 1021 4376 ratione
1035 4327 1143 4377 Terenti
1158 4324 1227 4378 eet.“
1245 4343 1307 4391 pag.
1321 4328 1354 4374 '27
1369 4343 1421 4389 sq:
1442 4326 1646 4389 „Spectatorum
1661 4323 1749 4372 studia
1767 4336 1859 4369 carme
1880 4326 2004 4383 quantam
2019 4321 2072 4368 rim

367 4424 446 4482 atquo
465 4422 627 4466 momentum
647 4416 771 4465 habuerit
792 4418 818 4465 in
838 4418 956 4465 Terentii
978 4417 1076 4466 tubulis
1096 4417 1148 4465 dici
1168 4418 1213 4465 vix
1237 4422 1333 4481 prrtcst.
1379 4413 1495 4463 Videbat
1513 4411 1611 4460 cotidie
1632 4416 1710 4474 atquo
1731 4408 1797 4457 adeo
1817 4414 1941 4471 expertus
1961 4409 2071 4457 sciebat.

367 4507 525 4573 quibusnam
540 4506 618 4556 rebus
637 4506 776 4570 plebecula
795 4504 933 4569 gauderet.
971 4505 1075 4554 Nemini
1090 4512 1178 4555 autem
1199 4507 1293 4554 mirum
1314 4523 1372 4554 esse
1385 4504 1483 4568 poterit
1496 4500 1631 4566 papulam,
1651 4499 1727 4547 cuins
1748 4513 1856 4547 mrrnero
1877 4497 1959 4546 multo
1981 4497 2071 4559 plures

367 4595 455 4645 studio
474 4595 574 4660 stupidi
595 4597 621 4645 in
640 4595 731 4661 pugilo
751 4599 797 4644 aut
826 4593 980 4643 irraamhulo
1000 4595 1103 4644 animos
1129 4599 1291 4659 occuparunt
1310 4590 1362 4651 (eff.
1383 4593 1449 4642 Hee.
1469 4589 1533 4655 prol.
1553 4587 1573 4636 Ι.
1592 4604 1617 4635 r.
1638 4588 1654 4635 4
1674 4602 1740 4651 sqq,
1762 4587 1827 4651 prol.
1848 4586 1882 4635 Il.
1901 4603 1926 4633 r.
1947 4587 1979 4635 '25
2002 4584 2071 4649 sqq)

282 4710 285 4717 ·
367 4684 534 4748 mediamque
555 4684 623 4732 inter
647 4682 763 4732 fabulam
790 4697 880 4731 ursam
904 4687 1023 4745 poscunt,
1050 4688 1129 4747 atque
1149 4698 1240 4732 earam
1259 4696 1346 4731 reram
1373 4679 1572 4743 exspectatione
1592 4675 1662 4724 ferras
1683 4680 1789 4733 exeunt,
1814 4676 1841 4722 iu
1865 4689 1946 4723 scena
1967 4688 2071 4738 qumque

366 4774 389 4822 ai
408 4772 538 4821 tumultus
560 4772 668 4836 quidaur
688 4779 715 4821 et
741 4773 867 4835 strepitus
897 4772 1035 4827 excitatur,
1065 4771 1192 4819 maiorem
1223 4772 1249 4818 in
1279 4769 1385 4819 modurn
1409 4768 1544 4819 delectari.
1574 4764 1691 4813 sedatam
1720 4781 1804 4815 rerum
1832 4766 2024 4829 expositionem
2045 4772 2071 4811 et

366 4863 544 4911 narrationem
564 4863 699 4925 aspernari
714 4878 745 4909 ae
759 4876 891 4925 respuere..
924 4862 997 4919 Quae
1015 4860 1038 4906 si
1053 4862 1178 4911 tenueris.
1199 4858 1280 4906 facile
1294 4860 1343 4906 erit
1358 4856 1391 4905 ad
1407 4853 1619 4918 intelligendum,
1636 4852 1703 4901 unde
1718 4854 1817 4901 factum
1832 4854 1875 4911 sit,
1890 4858 1917 4899 ut
1930 4851 1953 4897 T
1955 4850 2070 4899 orentius

366 4950 458 4999 multis
477 4952 503 4999 in
524 4950 603 4999 rebus
622 4950 656 4999 ab
675 4950 819 5014 exemplari
840 4948 910 5012 qnod
935 4949 1097 5011 sequebatur
1116 4944 1168 4996 sibi
1194 4948 1298 4996 duxerit
1325 4944 1500 4994 recedendum
1528 4960 1595 5003 esse,
1625 4944 1729 4992 etiarnsi
1751 4958 1767 4991 a
1790 4946 1870 5006 poeta
1896 4940 1997 4989 Graeco
2024 4954 2070 4984 eas

366 5039 435 5088 malo
456 5040 592 5087 institutas
612 5055 627 5087 a
647 5038 785 5088 aemulius
804 5040 956 5086 instit-utam
977 5038 1009 5084 iri
1029 5053 1079 5085 nou
1100 5053 1205 5100 semper
1224 5036 1284 5089 sihi.
1304 5051 1358 5083 rem
1373 5050 1420 5098 per
1433 5050 1460 5081 se
1475 5034 1497 5081 si
1512 5040 1626 5096 spectas,
1646 5033 1817 5096 persuaserit.
1855 5025 1966 5076 Iudiciis
1986 5022 2069 5074 strali-

366 5131 440 5191 isqne
461 5120 639 5177 multitudinis
665 5127 692 5176 id
718 5126 920 5176 eorulonandurn
941 5130 1006 5175 erat.
1049 5124 1140 5191 Neque
1156 5125 1204 5173 hoe
1224 5141 1291 5183 esse,
1311 5122 1382 5187 (prod
1401 5123 1426 5171 ei
1446 5122 1599 5186 exprobrari
1618 5122 1737 5184 vitioque
1757 5119 1824 5167 verti
1844 5117 1930 5180 possit
1949 5114 2069 5172 arbitror,

365 5215 444 5264 moue
463 5232 495 5265 ne
516 5214 604 5265 laudis
622 5214 684 5264 hinc
712 5215 858 5280 captandae
880 5216 916 5263 ita
936 5229 1043 5264 ararum
1065 5214 1146 5262 luisse
1166 5218 1301 5279 appareat,
1325 5216 1354 5260 nt
1372 5212 1457 5275 ipsias
1477 5212 1542 5259 artis
1562 5210 1680 5258 nuraieao
1700 5207 1819 5273 proditor
1841 5204 2010 5267 ‹lesenorquc
2031 5198 2069 5263 a).

364 5308 395 5351 ut
414 5304 451 5353 ita
468 5302 568 5363 dicam,
587 5298 745 5351 exstiteritf‘
764 5325 798 5333 -
