4486 5932
1132 308 1152 378 7

927 404 1076 417 mmm

284 528 329 600 eis
352 530 528 619 contulit,⁹)
552 532 653 595 nimia
676 500 822 612 quadarn
846 528 1025 592 subtilitate
1056 528 1252 592 sententiam
1281 547 1376 592 suarn
1405 528 1451 592 ita
1480 527 1563 591 tueri
1592 527 1711 602 studet,
1744 532 1781 592 ut
1804 528 1837 591 id
1860 528 1990 592 tanturn

283 643 358 707 inde
381 641 487 722 colligi
509 658 607 721 posse
631 638 731 702 dicat:
761 636 912 699 lenonem
942 635 1031 717 apud
1058 634 1275 698 Menandrum
1303 654 1435 717 quoque
1466 634 1651 726 vapulasse.
1703 632 1769 698 Sed
1788 635 1831 725 in
1862 635 1925 700 hac
1955 655 1991 699 re

283 751 371 815 viam
402 750 569 830 ingressus
598 750 648 809 est
680 745 859 808 Grauertus
889 762 1025 824 prorsus
1056 742 1197 806 alienam
1229 741 1271 805 ab
1303 741 1392 805 omni
1423 740 1478 804 illa
1504 740 1640 815 ratione,
1673 760 1774 822 quarn
1802 741 1835 804 in
1861 742 1990 824 reliqua

283 856 557 922 commentatione
580 855 712 916 secutus
736 853 794 914 est.
849 849 934 913 Nam
957 863 1032 914 curn
1063 849 1097 913 in
1129 847 1283 912 omnibus
1305 847 1436 911 Terenti
1465 847 1584 911 tabulis
1614 848 1846 912 contaminatis
1869 848 1989 913 Donati

282 962 382 1026 verba
414 962 457 1026 ad
486 963 592 1025 certos
621 957 753 1021 tabulae
782 976 895 1021 versus
928 956 1094 1038 adscripta
1124 958 1276 1019 accurate
1304 957 1336 1018 et
1365 954 1535 1036 diligenter
1575 954 1822 1035 interpretando
1853 975 1990 1037 graecae
2023 954 2025 958 ’

281 1069 439 1152 cuiusque
462 1069 691 1148 argumentum
716 1067 862 1144 repetere
886 1067 985 1144 atque
1000 1062 1170 1126 restituere
1186 1062 1272 1138 velit,
1296 1061 1358 1124 hoc
1378 1061 1450 1124 loco
1466 1059 1584 1124 Donati
1607 1061 1854 1125 adnotationem
1870 1080 1988 1143 parurn

282 1180 433 1240 accurate
458 1172 638 1254 explicarit.
685 1170 769 1234 Nam
794 1174 925 1234 secutus
949 1189 1050 1250 quarn
1074 1169 1107 1233 in
1131 1168 1245 1232 ceteris
1269 1167 1387 1231 tabulis
1412 1158 1612 1232 illustrandis
1636 1168 1804 1232 adamavit
1827 1170 1989 1233 rationem

281 1282 387 1346 dicere
411 1280 553 1344 debebat
576 1299 618 1343 ex
641 1277 760 1353 verbis,
784 1277 904 1359 quibus
928 1275 1076 1339 Donatus
1100 1275 1287 1339 Terentiani
1317 1276 1442 1340 lenonis
1475 1295 1660 1340 sermonem
1693 1295 1810 1358 graeco
1841 1277 1987 1354 contulit,

279 1387 439 1468 intellegi:
469 1387 502 1450 in
525 1405 643 1467 graeca
666 1404 798 1466 quoquc
822 1384 975 1447 lenonem
998 1400 1150 1445 narrasse
1174 1401 1209 1444 se
1232 1381 1289 1465 (ab
1313 1380 1536 1457 adulescente)
1560 1383 1769 1446 verberatum
1791 1382 1919 1461 esse.¹⁰)

440 1493 535 1557 Fines
559 1496 670 1556 autern
693 1511 760 1566 999,
793 1489 912 1572 quibus
936 1488 1116 1552 Grauertus
1140 1507 1175 1551 se
1198 1487 1367 1565 continuit,
1399 1488 1496 1570 longe
1519 1508 1670 1570 egressus
1693 1491 1743 1552 est
1766 1487 1987 1565 Hennannus,

280 1600 335 1682 qui
359 1600 379 1663 l.
404 1620 430 1663 e.
455 1619 530 1687 pag.
554 1599 605 1663 lll.
631 1598 744 1663 adnot.
772 1598 821 1673 11,
852 1596 1019 1660 Donatum
1043 1598 1290 1676 comparantem
1321 1595 1422 1658 verba
1459 1614 1578 1677 graeca
1607 1614 1674 1659 non
1702 1595 1830 1660 lenonis
1852 1592 1988 1661 Menan-

279 1708 349 1771 drei
376 1726 564 1772 sermonem
593 1706 742 1770 attulisse
766 1706 885 1780 censet,
910 1703 968 1767 scd
993 1721 1068 1766 eurn
1092 1721 1195 1766 unurn
1219 1720 1361 1777 versum,
1390 1702 1446 1783 qui
1470 1702 1553 1765 inter
1575 1701 1794 1766 Menandreoe
1816 1701 1905 1766 solus
1929 1701 1988 1765 ali·

279 1834 379 1896 quarn
403 1813 650 1878 similitudinem
672 1830 746 1875 curn
771 1810 927 1892 Diphileis
951 1809 1012 1873 illis
1036 1809 1126 1891 apud
1148 1807 1338 1872 Terentium
1362 1807 1522 1872 habuerit.
1570 1808 1780 1872 Hermannus
1804 1808 1892 1873 enim
1915 1828 1987 1873 ma·

280 1920 382 1984 iorem
405 1920 504 1984 ctiam
533 1921 661 2002 partern
683 1917 901 1982 Terentianae
930 1915 1061 1980 tabulae
1085 1935 1102 1980 e
1125 1914 1245 1996 Diphili
1269 1913 1566 1979 Comnrorientibus
1597 1915 1735 1996 petitam
1765 1934 1837 1979 esse
1866 1919 1986 1993 censet,

280 2043 355 2089 cum
378 2046 462 2108 quas
485 2045 600 2090 scenas
624 2024 803 2089 Grauertus
828 2043 846 2087 e
869 2023 1049 2087 Menandro
1077 2022 1194 2086 ductas
1224 2040 1296 2085 esse
1325 2025 1431 2104 putat,
1463 2040 1519 2085 eas
1550 2021 1697 2104 neglecto
1728 2022 1831 2086 altero
1854 2022 1985 2100 Donati,

279 2130 322 2195 ad
344 2132 393 2209 ll.,
425 2133 457 2196 4.
481 2152 510 2198 v.
539 2131 589 2209 11,
618 2130 849 2214 testimonio¹¹l
874 2129 995 2212 partim
1019 2149 1037 2192 e
1059 2128 1177 2211 Diphili
1201 2128 1313 2192 fabula
1335 2127 1524 2207 translatas,
1547 2129 1669 2210 partim
1691 2147 1712 2192 a
1734 2129 1888 2193 Terentio
1913 2129 1986 2212 ipso

278 2238 408 2303 additas
432 2258 504 2304 esse
528 2238 589 2302 sibi
613 2237 822 2320 persuaserit,
854 2237 900 2300 ita
922 2241 959 2301 111
983 2237 1116 2314 „omnia
1139 2239 1343 2317 argumenta,
1376 2236 1496 2318 quibus
1525 2234 1642 2317 aliquis
1665 2236 1842 2300 contendat
1872 2236 1986 2318 apud

277 2344 538 2410 Menandrum
563 2346 669 2407 inter
692 2345 868 2426 primum
892 2347 1020 2408 actum
1044 2348 1081 2408 et
1104 2362 1210 2419 cum,
1240 2343 1310 2425 qui
1334 2343 1532 2407 Terentio
1556 2344 1702 2407 tertius
1726 2348 1799 2421 est,
1825 2343 1987 2426 aliquid

279 2451 541 2516 interiectum
565 2451 692 2515 tuisse
722 2451 833 2515 inania
863 2456 957 2515 cssc“
989 2469 1049 2532 pro
1073 2453 1163 2514 certo
1186 2450 1319 2514 habeat.
1344 2448 1431 2533 (pag.
1458 2449 1552 2533 VIII.)
1605 2450 1698 2514 Hanc
1722 2450 1921 2532 singularem
1944 2448 1985 2514 de

277 2575 414 2637 graecae
437 2557 612 2639 Adelphon
644 2561 841 2638 argumento
863 2558 1061 2622 sententiam
1084 2576 1124 2620 ea
1148 2557 1189 2620 de
1211 2575 1312 2620 causa
1334 2557 1508 2639 proposuit
1528 2555 1748 2633 Hermannus,
1773 2561 1810 2621 111
1833 2556 1923 2639 quod
1944 2555 1985 2620 de

277 2663 404 2728 actibus
428 2684 487 2746 per
509 2664 655 2729 tabulam
686 2664 823 2728 latinam
856 2664 1088 2730 distribuendis
1112 2663 1244 2742 iudicat,
1276 2664 1387 2747 aliquo
1411 2668 1606 2746 argumento
1630 2662 1846 2746 comprobare
1870 2665 1984 2745 possit

276 2768 396 2835 Censet
420 2772 507 2835 enirn
530 2776 596 2836 tres
619 2775 805 2853 postremos
828 2771 1046 2837 Terentianae
1069 2771 1200 2835 tabulae
1222 2773 1316 2834 actus
1340 2771 1428 2853 apud
1452 2769 1670 2835 Menandrum
1698 2769 1732 2834 in
1755 2775 1913 2853 quattuor
1934 2770 1984 2834 di·

277 2876 365 2939 visos
395 2876 505 2940 tuisse.
559 2878 669 2955 Quare
698 2879 727 2942 91
757 2897 825 2942 non
856 2878 993 2943 dubium
1016 2897 1088 2941 esse
1111 2877 1249 2955 videtur,
1274 2877 1353 2960 quin
1383 2877 1439 2960 qui
1463 2876 1553 2960 apud
1576 2876 1765 2941 Terentium
1798 2882 1864 2942 tres
1891 2880 1983 2942 actus

277 2985 416 3059 exstant,
441 2983 474 3047 19
498 2987 655 3066 quattuor
676 2984 881 3048 describendi
905 2985 978 3047 sint.
1025 2983 1110 3048 Cum
1133 2983 1250 3048 deinde
1274 2983 1339 3049 duo
1363 2985 1489 3066 priores
1506 2983 1723 3048 Terentianae
1739 2984 1871 3048 fabulae
1890 2987 1983 3049 actus

279 3090 382 3152 artius
407 3090 435 3153 ei
457 3089 633 3154 cohaerere
648 3091 832 3167 videantur,
857 3091 969 3156 omnia
991 3094 1079 3155 reete
1101 3110 1136 3155 se
1150 3090 1273 3155 habcre
1297 3090 1485 3167 arbitratur,
1508 3091 1535 3154 si
1553 3095 1689 3173 „raptus
1705 3090 1882 3172 psaltriae“
1899 3092 1983 3156 inter

275 3194 359 3258 duos
383 3195 454 3259 illos
479 3199 572 3261 actus
596 3196 749 3274 „embolii
773 3196 898 3260 instar‘
922 3196 1116 3279 interposita
1138 3197 1208 3262 tuit.
1261 3198 1434 3262 Existimat
1461 3198 1548 3261 enirn
1576 3197 1625 3261 vir
1652 3199 1807 3279 singulari
1836 3199 1982 3281 quodam

275 3301 393 3382 ingenii
424 3303 575 3366 acumine
611 3303 747 3385 insignis
787 3302 867 3368 nihil
895 3303 1098 3386 probabilius
1127 3322 1200 3368 esse
1230 3323 1353 3388 „quarn
1381 3305 1582 3387 antiquiores
1610 3304 1752 3369 comicos
1784 3305 1874 3387 ipsos
1905 3324 1982 3387 pro-

276 3409 431 3486 spexisse,
455 3413 491 3472 ut
514 3411 547 3472 in
570 3413 703 3475 actuum
726 3430 863 3475 suorum
886 3411 1109 3477 commissuris
1133 3412 1203 3476 eius
1225 3409 1317 3475 modi
1339 3412 1548 3493 potissimum
1568 3430 1684 3475 scenas
1701 3415 1871 3494 ponerent,
1896 3431 1982 3495 quae

274 3512 493 3593 peculiaribus
524 3514 648 3579 facetiis
679 3536 876 3600 morumque
905 3518 1179 3601 descriptionibus
1211 3516 1334 3582 festivis
1363 3522 1455 3582 extra
1487 3518 1631 3601 reliquae
1665 3518 1802 3589 actionis
1833 3522 1981 3583 tenorem

274 3637 350 3682 curn
381 3619 491 3703 aliquo
520 3620 631 3703 lepore
662 3622 853 3700 eminerent,
884 3643 990 3707 eoque
1018 3624 1105 3691 lacto
1136 3624 1232 3689 sirnul
1264 3628 1296 3689 et
1326 3630 1421 3690 actus
1449 3625 1686 3707 distinguerent
1717 3629 1750 3690 et
1778 3629 1980 3707 spectatores

272 3726 491 3808 perpetuitate
514 3728 660 3810 quadam
682 3728 814 3793 tabulae
837 3729 971 3796 mirifice
993 3732 1156 3797 retineren
1172 3737 1203 3796 .“
1258 3730 1324 3796 Sed
1347 3751 1433 3814 quae
1456 3730 1667 3797 Hennannus
1697 3732 1760 3796 hoc
1783 3732 1854 3797 loco
1878 3732 1981 3800 nimia

272 3832 418 3914 quadam
441 3834 621 3914 sagacitate
644 3834 826 3900 enucleavit
857 3840 890 3900 et
919 3837 1000 3903 satis
1030 3836 1191 3903 subtiliter
1220 3839 1393 3920 proposuit
1426 3839 1458 3904 in
1482 3838 1613 3903 Terenti
1645 3839 1774 3903 fabulas
1797 3841 1834 3903 111
1858 3837 1980 3903 cadant

271 3937 341 4001 fieri
378 3958 445 4002 non
478 3943 598 4020 potest,
637 3941 682 4005 ob
716 3960 791 4005 earn
824 3943 967 4008 maxime
993 3962 1140 4023 causam,
1175 3945 1253 4027 quia
1280 3948 1432 4027 apertum
1467 3949 1517 4010 est
1549 3950 1682 4027 poetam
1717 3949 1868 4011 nostrum
1898 3945 1979 4010 nihil

271 4045 365 4107 tanto
389 4064 488 4125 opere
519 4046 684 4111 studuisse
715 4067 816 4130 quarn
839 4052 876 4113 ut
899 4048 1052 4133 exempla
1083 4070 1212 4135 graeca,
1247 4055 1409 4134 quantum
1440 4055 1563 4134 posset,
1592 4054 1663 4116 arte
1694 4056 1861 4136 aequaret.
1913 4052 1979 4117 lta·

271 4168 335 4229 que
357 4149 408 4214 his
432 4170 564 4234 quoque
586 4154 695 4218 missis
718 4154 963 4237 investigemus,
986 4174 1152 4239 quaenam
1173 4157 1391 4224 Terentianae
1414 4178 1492 4241 pars
1515 4158 1635 4241 Diphili
1659 4159 1712 4223 sit.

429 4482 451 4551 ¹)
471 4491 546 4553 Quae
565 4491 687 4545 Donatus
706 4511 803 4560 graeca
828 4494 905 4548 911911
924 4497 1075 4563 9911991919
1093 4494 1160 4550 adeo
1178 4499 1323 4565 (1991919111
1343 4504 1412 4559 sunt,
1432 4504 1462 4549 91
1480 4501 1520 4551 919
1538 4502 1584 4550 vix
1602 4498 1739 4550 subveniri
1752 4515 1830 4566 posse
1845 4498 1976 4566 rideatur,

267 4577 357 4642 itaque
377 4593 430 4628 non
449 4581 524 4631 iuvat
542 4583 701 4634 exscribere.

427 4658 548 4729 Ιο1111191
572 4672 600 4721 19
623 4669 694 4721 hunc
719 4673 825 4723 modunl
848 4673 949 4725 Donati
974 4676 1056 4727 verbs
1080 4676 1239 4742 explicanda
1263 4694 1323 4729 9999
1350 4680 1410 4743 ipsa
1436 4679 1538 4730 ratione
1562 4678 1669 4744 probari
1687 4678 1804 4742 11119191,
1826 4692 1887 4729 cum
1906 4676 1975 4729 911111

265 4754 356 4804 verius
370 4753 479 4806 1191111119
499 4760 642 4822 possimus.
673 4761 806 4826 Equidem
819 4778 874 4813 999
885 4763 973 4827 video,
992 4781 1045 4830 quo
1064 4766 1122 4816 iure
1135 4764 1328 4817 Teuffelius
1347 4768 1376 4816 in
1388 4767 1456 4817 libro
1470 4767 1526 4829 illo,
1545 4782 1624 4833 quem
1639 4766 1770 4829 „Studien
1786 4767 1841 4818 und
1854 4765 1973 4818 countr-

264 4843 407 4895 1911911199
424 4844 1117 4918 9911119191111“1999119911-(1111191991811)-
1130 4870 1192 4920 pag.
1211 4854 1281 4917 284,
1300 4855 1425 4906 (1111119111
1445 4857 1605 4906 sententis·
1624 4861 1775 4909 sustentare
1794 4856 1868 4907 velit.
1906 4855 1973 4908 Nam

267 4940 295 4977 19
312 4932 373 4989 ipsa
391 4932 462 4984 911191
481 4933 589 4986 ridetur
606 4937 740 4989 Donatum
759 4940 908 4991 eiusdem
928 4957 1093 5007 personae
1111 4943 1193 4993 1191119
1211 4959 1379 5009 comparasse
1398 4944 1486 4994 191199
1501 4958 1562 4995 curn
1580 4947 1695 5011 graecis.

424 5014 457 5083 ¹¹)
476 5022 609 5075 Dcrratus:
629 5026 784 5091 Menander,
804 5030 899 5095 inquit,
918 5033 985 5081 91911
1003 5047 1065 5082 9991
1085 5028 1297 5098 (Ctesiphonem)
1318 5032 1437 5083 99191999
1453 5031 1538 5099 fingit,
1557 5035 1702 5086 Terentius
1721 5035 1822 5101 fugere.
