4486 5932
950 366 1017 377 ,xx-u·
1035 364 1100 375 »mx-v
1121 366 1136 371 *¹
1182 366 1211 374 w-
1223 365 1270 376 σηυι
1287 364 1339 375 ιιι-υ

275 493 399 555 Nonius
423 513 452 554 r.
485 511 666 572 poscere
696 491 779 555 banc
808 493 899 554 alt'ert
932 490 1087 551 tenonis
1118 489 1330 552 sententiam:
1365 488 1418 562 ,ln
1448 489 1649 569 argumentis
1681 487 1840 551 Caecilius
1873 488 1978 570 poscit.

276 600 431 681 palnmrn,
465 600 500 660 in
536 596 679 671 litterar·
702 596 950 670 'ferentius‚
974 595 1007 657 in
1032 595 1237 658 sermonibus
1262 594 1427 657 Plautus“
1486 594 1524 656 Et
1540 593 1706 659 Charisius
1731 594 1844 661 institt.
1869 616 1915 676 gr.
1940 595 1977 658 ll.

276 725 349 788 [aaa.
364 706 439 780 ddi,
454 702 588 789 ’.1711111
609 702 698 781 ,leq
720 706 755 764 nt
767 703 810 765 ait
825 701 938 777 Varro,
957 701 1033 764 1111111
1052 702 1106 764 alii
1118 723 1133 763 s
1145 720 1295 765 errare
1314 701 1465 763 convenit
1477 720 1578 782 quam
1591 698 1711 763 Titinio
1725 704 1758 763 et
1769 697 1977 784 Terentiae)

439 812 560 875 Eodem
585 813 703 883 studio,
729 830 795 891 quo
821 810 977 888 cuiusque
1001 826 1162 888 personae
1187 827 1295 870 mores
1316 812 1415 888 atque
1435 807 1601 887 ingenium
1625 806 1792 870 verissime
1814 825 1979 889 exponere

276 918 386 992 soluit,
411 922 510 998 poeta
534 940 572 981 ero
597 919 773 999 pmductus
797 934 868 978 esse
892 914 1028 990 videtur,
1054 919 1088 977 ut
1112 915 1151 978 ll.
1174 916 1205 998 l,
1231 934 1260 977 r.
1289 916 1326 977 11
1353 913 1559 997 fttesiphonis
1583 912 1731 976 dolorem
1753 913 1868 976 leniret
1887 931 1978 977 accr-

276 1026 477 1107 bitatemqne
506 1026 574 1086 eins
600 1024 772 1103 mitigaret.
824 1023 908 1086 Nam
933 1022 1082 1084 Donatus
1106 1021 1239 1085 tradidit
1258 1020 1347 1103 apud
1371 1020 1589 1084 Menandrum
1605 1020 1686 1083 mori
1711 1020 1853 1084 voluisse
1873 1019 1978 1083 Ctesi·

276 1131 429 1211 phmrem,
462 1150 560 1211 quem
584 1131 754 1193 'l'erenlius
785 1131 895 1207 lirgam
924 1131 1053 1192 tantum
1077 1147 1213 1209 parasse
1237 1128 1354 1208 fingat;
1383 1145 1544 1208 quaeres
1575 1125 1693 1189 indicio
1717 1130 1767 1189 est
1789 1125 1978 1189 Terentium

275 1255 383 1297 mores
415 1238 646 1300 obseruantem
679 1237 867 1299 discessisse
898 1255 1146 1315 nonnumquam
1177 1234 1220 1298 ab
1244 1233 1395 1315 exemplo
1419 1252 1547 1313 graeco.
1601 1230 1747 1295 Eandem
1771 1235 1902 1294 secutus
1925 1251 1979 1295 ra-

276 1343 397 1404 tionem
424 1343 472 1405 lll.
506 1344 534 1419 d,
560 1344 601 1405 ns
626 1363 685 1425 pro
710 1345 881 1407 Sostratae
906 1343 1014 1416 fratre,
1045 1342 1100 1421 qui
1126 1340 1185 1404 fuit
1209 1341 1241 1404 in
1264 1360 1392 1421 graeca,
1423 1338 1615 1419 Hegionem,
1643 1337 1835 1420 Pamphilae
1858 1355 1979 1417 cogna—
2074 1338 2080 1345 '

277 1452 345 1509 turn
370 1448 535 1527 (merulam
559 1449 674 1512 nmluit
704 1450 919 1512 introducere.
973 1448 1159 1529 Cognatum
1190 1450 1301 1510 autem
1333 1445 1476 1526 aliquem
1508 1463 1638 1508 summo
1667 1444 1776 1507 studio
1807 1442 1979 1505 hominurn

277 1554 409 1635 inopum
433 1558 533 1634 atique
556 1555 784 1619 ‹lerelietorum
809 1576 876 1619 rem
901 1553 1130 1635 suscipientem
1162 1558 1261 1636 atque
1295 1554 1337 1617 ab
1369 1554 1485 1617 iniuria
1518 1550 1745 1615 defendentem
1774 1549 1899 1614 maiore
1929 1548 1979 1612 di·

275 1678 375 1738 gnum
400 1680 472 1725 esse
495 1661 592 1725 laude
616 1682 717 1743 quam
743 1662 850 1745 ipsum
874 1661 1005 1725 fratrem
1030 1660 1146 1723 eadem
1171 1662 1342 1724 facientem
1367 1661 1575 1743 perspicuum
1599 1661 1658 1720 est.

436 1767 580 1848 lienique
604 1768 734 1833 Donato
763 1772 845 1831 teste
875 1768 909 1831 in
932 1765 1104 1829 Menandri
1134 1768 1245 1832 fabula
1278 1787 1344 1832 non
1373 1767 1459 1829 idem
1485 1765 1595 1859 exitus
1626 1763 1695 1837 fuit,
1727 1764 1783 1844 qui
1814 1763 1846 1827 in
1875 1763 1977 1827 latins

275 1875 393 1935 exstat.
449 1872 484 1934 ln
509 1873 570 1936 hae
595 1874 680 1936 anim
704 1874 799 1937 Micio
820 1892 931 1947 senes,
962 1872 994 1935 in
1017 1872 1053 1935 V.
1079 1876 1099 1936 8
1123 1892 1231 1947 scena,
1262 1872 1405 1937 Demeae
1428 1877 1528 1954 atque
1551 1871 1724 1944 Aeschino,
1756 1871 1812 1952 qui
1835 1889 1911 1933 curn
1934 1869 1977 1934 ad

274 1977 407 2058 nuptias
430 1979 590 2043 ineundas
614 1979 793 2063 impellunt,
818 1999 948 2044 summa
972 1979 1195 2060 indignatione
1218 1979 1413 2045 adversatur
1435 1984 1467 2044 et
1490 1980 1678 2051 reluctatur,
1702 1977 1791 2059 quod
1811 1976 1845 2040 in
1860 1995 1979 2059 graeca

275 2103 341 2146 non
365 2084 479 2147 eodem
504 2085 602 2148 modo
626 2091 735 2149 actum
760 2087 830 2149 fuit.
882 2086 966 2151 Nam
990 2087 1139 2151 Donatus
1163 2086 1206 2150 ad
1231 2087 1266 2149 V.
1291 2088 1321 2162 8,
1351 2106 1381 2148 v.
1409 2087 1448 2148 lb
1472 2086 1567 2149 docet
1589 2084 1777 2148 Terentium
1801 2084 1863 2148 hac
1888 2084 1978 2147 inre

273 2212 293 2252 a
318 2188 517 2254 Menandrea
540 2191 652 2256 falrula
676 2193 875 2270 discessisse,
908 2214 983 2257 eum
1007 2193 1100 2257 dicit:
1136 2193 1244 2275 „apud
1274 2192 1490 2256 Menandrum
1521 2211 1623 2256 senex
1646 2188 1769 2273 (Micio)
1792 2190 1834 2253 de
1855 2189 1978 2272 nuptiis

273 2314 340 2358 non
364 2302 529 2377 gravatur,
555 2317 633 2379 rapo
656 2298 828 2362 'l‘erentius
852 2300 1039 2381 ripere-adef
1089 2298 1182 2376 Quae
1205 2298 1325 2363 Donati
1349 2301 1449 2363 verba
1472 2318 1548 2362 cum
1571 2318 1611 2362 ex
1634 2296 1723 2363 omni
1748 2295 1906 2360 memoria
1929 2295 1979 2360 di·

274 2403 478 2466 rersissimas
503 2404 766 2469 doctissimorum
794 2406 965 2469 hominurn
997 2407 1281 2489 interpretationes
1298 2405 1483 2489 moverint,
1514 2405 1627 2486 paucis
1651 2403 1884 2486 exponendum
1907 2402 1977 2479 erit,

274 2509 442 2587 quomodo
468 2510 683 2592 intellegenda
708 2513 781 2575 sint.
820 2512 1422 2596 (101111111111181311111(1121111εεί1131
1450 2511 1509 2586 ,de
1533 2512 1631 2575 rebus
1651 2510 1787 2575 scenicis
1811 2509 1974 2575 Hamab.“

273 2632 351 2695 pars
371 2616 448 2689 ttltll
471 2635 530 2698 pro
554 2620 648 2680 certo·
665 2618 765 2681 habet
789 2619 839 2681 his
863 2620 941 2701 ipsis
970 2620 1077 2683 verbis
1112 2619 1220 2702 ,apud
1242 2619 1458 2683 Menandrum
1482 2637 1581 2682 senex
1604 2618 1645 2680 de
1668 2617 1789 2700 nuptiis
1814 2635 1879 2679 non
1903 2636 1978 2697 gra·

274 2724 388 2783 ratur“
415 2720 581 2787 Donatum
605 2724 748 2789 indicare
772 2725 804 2789 in
828 2745 945 2806 graeca
969 2746 1081 2790 senem
1105 2746 1172 2789 non
1188 2730 1281 2790 tanto
1304 2745 1403 2807 opere
1426 2724 1672 2789 matrimonium
1690 2723 1854 2807 respuisse
1877 2726 1978 2805 atque

273 2827 464 2907 repudiasse
488 2828 594 2911 ireque
616 2836 685 2895 tam
716 2833 925 2895 veliementer
955 2834 1112 2896 restitisse
1139 2837 1238 2913 atque
1267 2832 1480 2896 adversatum
1504 2851 1576 2894 esse
1599 2830 1718 2912 iniquis
1742 2834 1774 2894 et
1797 2829 1977 2894 temerariis

274 2931 416 2995 Demeae
439 2939 467 2996 el
494 2936 645 2999 Aeschini
669 2939 830 3017 procilius.
876 2939 1062 3019 lessingius
1086 2944 1197 3002 autem
1214 2958 1347 3020 prorsus
1371 2938 1435 3002 alia
1458 2938 1589 3011 invenit,
1621 2956 1698 3001 cum
1720 2936 1783 3000 sibi
1805 2954 1977 3018 persuase-

274 3039 315 3101 rit
338 3039 400 3103 bac
423 3040 543 3105 Donati
568 3044 781 3108 adnotatione
804 3064 964 3126 apparere
988 3045 1076 3126 apud
1099 3046 1316 3109 Menandrum
1340 3065 1451 3109 senem
1475 3045 1609 3108 omnino
1633 3063 1739 3126 neque
1763 3045 1976 3124 provocatum

273 3165 379 3227 neque
403 3149 582 3229 impulsum
606 3151 648 3214 ad
673 3170 807 3214 risorem
832 3151 1017 3215 ducendam
1042 3151 1150 3227 fuisse,
1183 3152 1241 3215 sed
1264 3152 1376 3215 onmia
1407 3152 1487 3214 haec
1515 3170 1587 3213 esse
1619 3150 1696 3214 freta
1724 3153 1823 3230 atque
1847 3148 1977 3213 fabulae

273 3254 483 3318 exornandae
512 3276 611 3319 causa
640 3257 753 3320 addita
783 3262 924 3339 apoeta
956 3258 1068 3321 latino.
1123 3258 1188 3321 Sed
1217 3263 1331 3321 contra
1359 3258 1563 3339 Lessingium
1590 3236 1770 3320 rectissime
1800 3256 1979 3319 Grauertus

275 3358 383 3439 (1111111.
407 3380 482 3441 pag.
510 3362 587 3447 1111)
610 3363 848 3427 demonstravit
872 3364 1044 3427 Colmanni
1067 3365 1369 3446 interpretationem
1397 3365 1503 3429 solam
1531 3384 1604 3427 esse
1633 3382 1753 3440 veram,
1787 3382 1863 3427 cum
1883 3382 1979 3445 gra·

276 3464 361 3526 vari
386 3465 473 3528 idem
497 3468 562 3530 liare
586 3469 648 3531 sibi
672 3471 747 3532 velit
770 3470 858 3552 quod
883 3470 1118 3548 adversari,
1143 3472 1353 3536 reluctari.
1401 3471 1507 3548 Quem
1527 3475 1658 3534 secutus
1674 3474 1725 3535 est
1739 3469 1977 3550 Kenighoffrus,

273 3567 293 3630 l.
318 3589 345 3633 c.
369 3591 444 3653 pag.
472 3573 522 3648 17,
547 3574 602 3655 qui
626 3579 713 3638 reete
736 3576 815 3639 ridit
839 3577 1037 3641 scholiasten
1059 3578 1122 3641 hoc
1146 3579 1282 3642 verbum
1305 3597 1484 3659 usurpasse
1508 3578 1624 3641 eadem
1647 3578 1714 3641 fere
1736 3576 1778 3651 ri,
1802 3595 1869 3659 que
1892 3576 1979 3639 eius·

273 3675 348 3739 dem
373 3698 491 3743 scenae
515 3700 543 3742 r.
572 3682 611 3746 19
635 3681 830 3746 instructum
853 3687 913 3759 est,
937 3684 993 3746 ubi
1017 3684 1149 3765 legitur:
1177 3705 1237 3759 ,ne
1260 3692 1426 3767 graver·e“,
1451 3684 1541 3766 quod
1562 3680 1711 3751 Donatus
1734 3682 1891 3765 explicat:
1917 3700 1978 3758 ,ne

272 3786 303 3845 te
320 3784 484 3849 difficilem
501 3788 695 3867 praebeas“.
730 3789 844 3871 ltaque
861 3789 1087 3871 lienighol'fius
1108 3811 1182 3854 mea
1200 3791 1333 3873 quidem
1356 3792 1519 3857 sententia
1536 3810 1596 3855 suo
1613 3791 1695 3854 iure:
1724 3788 1976 3867 ,Quamobrem

272 3888 386 3971 inquit,
420 3912 487 3956 non
511 3913 658 3974 possum,
690 3896 769 3976 quin
797 3896 894 3959 huius
923 3896 1034 3960 scholii
1066 3898 1150 3962 hanc
1174 3898 1370 3961 sententiam
1394 3916 1466 3962 esse
1489 3901 1616 3979 putem:
1651 3896 1831 3961 Menander
1853 3915 1976 3971 senem,

273 4013 347 4057 eum
370 3998 412 4060 ab
436 4019 475 4061 eo
499 4005 535 4063 ut
559 4000 752 4082 Pamphilae
775 4006 914 4066 matrem
938 4003 1079 4080 duceret,
1109 4007 1283 4085 peteretur,
1314 4023 1381 4067 non
1405 4005 1451 4068 ita
1475 4008 1609 4085 gravate
1639 4007 1791 4084 agentem
1815 4002 1872 4066 sed
1896 4003 2003 4067 satisv

272 4100 399 4165 facilem
422 4108 607 4184 petentibus
631 4128 667 4171 se.
690 4110 904 4189 praebentem
928 4110 1056 4175 fecerat.
1105 4111 1232 4174 Scilicet
1255 4115 1355 4191 pocta
1378 4130 1514 4192 graecus
1537 4110 1589 4174 hic
1613 4129 1745 4193 quoque
1769 4102 1848 4183 ἦθος
1870 4108 1977 4173 Micio

273 4316 695 4330 ——---...—---.—...-......—.

431 4439 464 4505 ’ἢ
484 4446 517 4495 ef.
529 4446 618 4497 Iberi
634 4448 739 4498 dissert.
777 4450 827 4511 „de
841 4451 945 4500 Volcati
961 4451 1076 4515 Sedigiti
1096 4447 1223 4512 eerrnne“,
1243 4454 1287 4516 qni
1308 4458 1432 4502 accurate
1452 4455 1579 4516 quantum
1600 4453 1665 4501 satis
1684 4455 1711 4501 ct
1730 4448 1875 4515 diligenter
1894 4465 1975 4516 ques*

268 4534 343 4589 sirit,
368 4550 500 4596 qrraenam
526 4536 568 4586 vis
592 4528 636 4602 τῷ
659 4518 759 4591 πάθει,
784 4545 810 4589 et
835 4533 877 4604 τῷ
903 4524 972 4599 litter
992 4539 1135 4589 tribuenda
1154 4537 1197 4590 sit.
1235 4540 1317 4590 Recte
1338 4539 1402 4590 milri
1421 4540 1529 4590 videtur
1547 4539 1641 4589 Iberus
1663 4538 1859 4590 demonstrasse
1879 4539 1973 4589 Volen-

268 4622 344 4681 tium,
359 4637 418 4671 curn
430 4622 523 4672 decem
537 4630 672 4699 praeturum
683 4626 861 4677 Rommmrurn
878 4631 1037 4677 comicorum
1052 4644 1127 4678 suum
1143 4630 1238 4693 cuique
1253 4629 1339 4678 locum
1352 4630 1510 4693 assignaret,
1524 4629 1638 4678 maxime
1651 4628 1800 4692 respexisse
1813 4611 1848 4677 rh
1871 4609 1975 4686 πάθος

266 4704 400 4769 (allectus)
426 4715 453 4760 et
481 4695 516 4760 ri
542 4694 618 4772 ἦθος
641 4711 758 4778 (mores),
783 4719 821 4764 ita
839 4722 868 4764 ut
891 4718 940 4775 illi,
965 4734 1075 4781 quorum
1101 4717 1208 4767 falmlae
1233 4720 1412 4783 spectantium
1438 4719 1535 4767 animis
1560 4717 1751 4782 affectibusque
1776 4717 1974 4767 commovendis

266 4804 345 4863 eptae
364 4798 527 4862 riderentur,
553 4807 647 4867 poetae
671 4804 866 4868 praeferrentur
883 4807 988 4865 ceteris,
1009 4805 1123 4870 „quibus
1143 4805 1212 4854 alius
1232 4811 1303 4856 esset
1321 4805 1381 4855 tinis
1402 4807 1429 4854 in
1448 4805 1547 4856 fabulis
1573 4802 1792 4855 conseribendis“
1811 4802 1856 4867 (cf.
1875 4808 1974 4872 pugni

268 4882 386 4951 11111.)-
405 4888 531 4939 Veterum
551 4893 708 4956 scriptorum
729 4891 761 4941 de
776 4893 885 4941 Terenti
904 4894 1010 4957 ingenio
1030 4896 1183 4944 testimonia
1202 4893 1316 4943 collecta
1337 4900 1416 4958 atque
1436 4896 1582 4943 incertum
1602 4894 1721 4944 ordinem
1740 4895 1849 4944 redacta
1868 4900 1974 4960 praeter

266 4970 346 5021 iberi·
355 4974 579 5040 dissertationem,
592 4996 654 5045 pag.
668 4982 701 5027 33
716 4996 763 5044 sq,
783 4980 908 5030 exhibent
927 4981 1180 5045 Engolbreehti
1201 4982 1315 5043 „Studia
1328 4980 1517 5044 Terentianu“,
1530 4982 1705 5033 vindobonae
1722 4984 1797 5034 1883.
1810 4999 1871 5049 pag.
1886 4986 1901 5033 ‘l
1915 4999 1972 5049 sqq.
