4486 5932
590 1270 720 1403 Quen
765 1276 961 1388 ratiuneru
1007 1269 1221 1387 Terentius
1267 1274 1307 1385 in
1354 1274 1653 1422 contemnatis,

386 1506 491 1622 quae
536 1464 732 1617 dicuntur,
777 1465 926 1582 tenuis
973 1463 1260 1622 conponendis
1306 1479 1475 1581 secutus
1521 1504 1617 1581 esse
1662 1463 1856 1582 rideatur.

672 1675 775 1758 Pars
809 1674 840 1779 I,
873 1703 984 1784 quae
1016 1672 1235 1785 Adelphos
1268 1675 1574 1785 complectitur.

908 1900 1163 1915 mmmm&
1171 1902 1333 1914 ¹·me

430 2100 482 2164 Ad
505 2099 734 2182 quaestionem
756 2099 842 2162 hanc
868 2102 955 2162 recte
978 2096 1212 2162 instituendam
1244 2097 1378 2162 maximi
1406 2097 1564 2162 momenti
1597 2099 1674 2161 sunt
1703 2096 1830 2179 prologi
1852 2095 1975 2161 Teren·

268 2207 366 2272 tianis
390 2208 525 2289 singulis
549 2206 669 2271 fabulis
692 2206 875 2289 praemissi,
907 2205 962 2288 qui
987 2224 1026 2269 eo
1049 2203 1191 2268 maxime
1222 2200 1410 2286 discrepant
1434 2225 1454 2268 a
1477 2203 1636 2268 Plautinis
1667 2203 1873 2286 aliorumque
1895 2222 1976 2285 poe·

268 2318 378 2378 tarum
400 2315 601 2378 comicorum
623 2314 862 2388 Romanorum,
887 2311 977 2394 quod
1000 2329 1067 2375 non
1089 2310 1231 2374 breviter
1254 2315 1494 2392 argumentum,
1519 2311 1539 2374 i.
1564 2330 1591 2375 e.
1616 2329 1735 2387 rerum,
1760 2329 1846 2392 quae
1869 2309 1903 2373 in
1926 2308 1942 2373 l
1960 2343 1975 2357 ·

268 2420 354 2483 bulis
378 2424 529 2500 aguntur,
561 2438 727 2483 summam
750 2421 915 2496 enarrant,
948 2417 1007 2481 sed
1030 2416 1133 2499 ipsius
1156 2420 1275 2499 poetae
1298 2417 1472 2482 commodo
1497 2416 1686 2482 inserviunt.
1733 2416 1763 2481 ls
1788 2414 1874 2481 enim
1898 2434 1973 2498 gra·

270 2525 410 2589 vissimis
434 2527 542 2590 causis
566 2527 683 2590 duetus
708 2525 751 2589 ab
774 2525 830 2589 illa
851 2527 1025 2606 poetarum
1047 2523 1170 2589 usitata
1193 2523 1319 2588 ratione
1342 2524 1484 2602 recessit,
1509 2522 1597 2606 quod
1621 2522 1691 2605 ipse
1710 2522 1882 2587 manifeste
1898 2541 1975 2604 pro·

268 2631 373 2695 sessus
398 2636 447 2696 est
469 2632 504 2696 in
526 2632 629 2710 Andr.
653 2631 735 2715 prol.
759 2651 790 2695 r.
817 2631 845 2698 1.
869 2649 957 2714 squ:

641 2738 744 2803 Poeta
767 2757 842 2819 cum
865 2738 1008 2820 primum
1032 2737 1179 2801 animum
1202 2735 1246 2800 ad
1270 2735 1479 2801 scribendum
1503 2734 1639 2818 adpulit,

642 2845 678 2908 ld
700 2844 762 2908 sibi
784 2844 895 2925 negoti
919 2843 1056 2908 credidit
1078 2844 1186 2908 solum
1209 2842 1290 2919 dari,

641 2950 768 3032 Populo
791 2954 828 3014 ut
850 2950 1016 3032 placerent
1040 2969 1123 3033 quas
1147 2950 1276 3014 lecisset
1298 2948 1438 3014 tabulas.

641 3058 762 3121 Verum
786 3057 879 3121 aliter
902 3056 1031 3122 evenire
1053 3058 1157 3122 multo
1180 3057 1350 3138 intellegit:

641 3163 726 3227 Nam
749 3164 783 3228 in
806 3163 950 3246 prologis
974 3163 1158 3229 scribundis
1182 3182 1318 3246 operam
1341 3163 1497 3239 abutitur,

640 3270 714 3334 Non
737 3269 793 3352 qui
817 3274 1048 3352 argumentum
1071 3270 1222 3354 narret,¹)
1245 3270 1303 3334 sed
1327 3270 1382 3352 qui
1406 3269 1549 3334 malivoli

640 3376 764 3441 Veteris
787 3379 906 3459 poetae
929 3376 1110 3441 maledictis
1132 3375 1340 3458 respondeat.

269 3483 301 3543 et
324 3480 357 3543 in
381 3480 520 3563 Adelph.
544 3483 626 3564 prol.
651 3502 682 3546 v.
706 3483 748 3546 tl
773 3503 840 3565 sq.:

641 3587 765 3653 Dehinc
788 3608 830 3653 ne
853 3589 1049 3673 exspectetis
1073 3593 1304 3671 argumentum
1326 3590 1471 3655 fabulae:

640 3693 744 3759 Senes
767 3697 823 3778 qui
847 3696 944 3779 prirni
967 3697 1108 3772 venient,
1133 3695 1163 3759 ei
1185 3699 1314 3776 partem
1339 3696 1497 3778 aperient.

268 3798 400 3864 Omissa
434 3800 530 3882 igitur
563 3801 617 3865 illa
652 3801 868 3866 usitatissima
906 3804 1033 3868 ratione
1067 3803 1270 3919 maleuorum
1304 3802 1448 3868 iudicum
1478 3824 1499 3869 a
1528 3825 1563 3869 se
1591 3805 1744 3888 propellit
1778 3803 1913 3868 iniurias
1942 3808 1975 3868 et

267 3906 409 3969 maxime
432 3905 620 3989 obiurganti
650 3906 696 3971 illi
724 3912 842 3990 poetae
873 3910 974 3974 veteri
1004 3909 1121 3975 Luscio
1144 3909 1313 3976 Lanuuino
1347 3912 1535 3994 respondet,
1569 3913 1625 3994 qui
1656 3911 1809 3977 Terentio
1841 3910 1975 3994 quidem
2031 3912 2035 3919 '

269 4010 373 4075 iudice
396 4010 492 4098 (Eun.
516 4013 598 4095 prol.
623 4034 654 4079 v.
680 4011 730 4099 7):

750 4170 758 4185 .
783 4170 791 4185 .
817 4170 824 4185 .
849 4121 954 4198 „bene
976 4123 1136 4188 vertendo
1159 4128 1192 4189 et
1215 4124 1348 4189 easdem
1372 4126 1545 4191 scribendo
1568 4127 1654 4191 male

588 4227 636 4291 Ex
658 4228 783 4310 graecis
806 4228 903 4292 bonis
926 4229 1046 4293 latinas
1069 4230 1144 4295 lecit
1167 4211 1384 4297 non'bonas“
1405 4233 1573 4319 (fabulas.)

269 4328 411 4395 Dederat
434 4336 546 4396 autem
570 4334 648 4398 vitio
671 4334 808 4399 Luscius
837 4334 990 4400 Terentio
1018 4335 1115 4402 haee:
1153 4339 1243 4416 „eins
1270 4340 1400 4405 fabulas
1432 4361 1504 4406 esse
1532 4341 1594 4406 levi
1625 4340 1788 4423 scriptura
1820 4344 1852 4405 et
1884 4341 1975 4405 tenui

269 4522 695 4542 -——-—-——...-

430 4648 450 4716 ¹)
471 4656 547 4707 Haec
565 4658 648 4709 verba
666 4657 765 4710 docent
782 4659 877 4711 solitos
896 4660 981 4712 fuisse
999 4666 1092 4727 poetas
1117 4661 1266 4724 tabularum
1287 4669 1453 4730 argumenta,
1477 4670 1619 4731 autequam
1644 4667 1720 4732 ipsae
1739 4670 1891 4732 agerentur,
1915 4682 1976 4717 eum

268 4744 466 4807 spectatoribus
485 4748 690 4799 communicare.
733 4742 828 4815 Itaque
846 4765 899 4800 nou
917 4749 1055 4816 intellego,
1082 4766 1134 4816 quo
1158 4754 1215 4804 iure
1238 4752 1271 4805 G.
1290 4753 1322 4803 Α.
1342 4753 1478 4805 Beckarua
1497 4756 1525 4804 in
1544 4760 1677 4822 „quaesta
1697 4755 1730 4806 de
1750 4757 1844 4806 comio.
1864 4755 1976 4807 Roman.

268 4832 368 4884 tabulis
388 4835 503 4885 maxims
523 4832 675 4887 Plautinis“
695 4858 727 4870 -
748 4838 858 4904 Lipsiae
880 4840 956 4889 1837.
975 4855 1037 4905 pag.
1063 4841 1106 4903 92,
1130 4841 1220 4893 adnot.
1245 4865 1279 4877 -
1305 4845 1456 4909 aruspicatus
1482 4845 1518 4895 ait
1542 4844 1700 4906 „Menandri
1723 4846 1849 4912 prologos
1875 4846 1975 4896 Teren·

268 4922 350 4972 tiauis
368 4924 505 4989 propiores
523 4923 608 4976 luisse
628 4942 708 4992 quam
726 4923 888 4985 Plautinia.“
926 4927 960 5005 ef.
980 4927 1116 5009 Donatum
1135 4930 1213 5005 adh.
1233 4932 1265 4983 l.:
1294 4932 1353 4983 lton
1378 4935 1423 5000 qui
1447 4943 1632 5001 argumentum
1653 4930 1760 4999 namet!
1799 4935 1895 5001 „Quod
1913 4951 1976 4987 vera

268 5008 372 5105 prologi
391 5017 433 5063 eat
451 5009 595 5092 odicium5‘⁴
1188 5006 1193 5014 ’
1259 5004 1261 5013 ’
1386 5026 1390 5031 “
1479 5026 1487 5033 “
