4486 5932
917 358 1079 374 „uam-eant..
1091 360 1112 371 ιι·
1124 361 1138 371 ιο
1168 365 1174 372 ι
1193 366 1200 373 ι

279 487 321 549 ad
345 506 430 568 quae
454 486 486 550 hi
511 506 623 549 versus
646 486 709 549 Ad.
734 485 757 548 l.
786 487 812 562 1,
838 485 880 548 32
904 505 969 567 sq:

921 591 1069 667 „Pudore
1091 595 1122 655 et
1147 591 1340 655 liberalitate
1364 591 1483 655 liberos

748 697 902 761 Retinere
926 698 1030 761 satius
1053 718 1125 761 esse
1148 701 1229 781 puto
1252 716 1354 780 quam
1377 702 1486 762 metu“

278 826 381 890 prope
404 806 573 869 accedunt.
621 804 687 867 Sed
710 823 785 866 curn
810 804 955 868 fabulam
979 824 1130 885 graecam
1154 823 1221 868 non
1244 804 1421 867 nominarit
1445 803 1609 868 Siobaeus
1632 806 1664 866 et
1686 801 1848 865 sententia
1871 801 1982 867 multis

278 914 347 977 aliis
371 912 449 975 locis
473 916 552 995 apta
576 912 627 985 sit,
652 930 703 973 res
728 909 941 992 relinquenda
958 912 1017 975 erit
1042 911 1174 975 incerta.
1213 910 1295 975 Aliis
1318 911 1518 993 quibusdam
1534 907 1693 984 versibus
1717 927 1801 991 quos
1818 906 1982 971 Stoboeus

277 1019 309 1083 in
332 1018 502 1083 Menandri
526 1017 684 1099 Adelphis
709 1016 870 1080 exstitisse
894 1016 999 1093 docet,
1024 1017 1174 1100 (Meinek.
1199 1018 1218 1081 l.
1243 1038 1270 1082 c.
1294 1018 1345 1081 lV.
1370 1036 1444 1099 pag.
1470 1017 1540 1100 70):

750 1119 786 1182 οὗ
810 1126 964 1193 παντελῶς
986 1123 1034 1183 δεῖ
1052 1123 1115 1195 τοῖς
1137 1124 1280 1205 πονηροῖς
1303 1122 1490 1207 ἐπιτρέπειν,

744 1226 808 1288 ἀλλ’
833 1224 1058 1288 eatretinere·
1082 1230 1111 1287 εἰ
1133 1229 1164 1289 δὲ
1187 1225 1237 1306 μή,
1260 1226 1361 1308 γ’ἄνω,
1386 1226 1469 1291 κάτω

748 1334 833 1412 ἡμῶν
856 1335 872 1395 ὁ
894 1335 961 1413 βίος
983 1328 1065 1408 laffoce
1090 1338 1310 1419 μεταστραφεὶς
1332 1335 1400 1409 ὅλος
1423 1374 1463 1385 —-

275 1441 396 1505 similes
419 1440 554 1523 quidam
569 1440 786 1505 Terentianae
809 1443 940 1506 tabulae
964 1461 1076 1505 versus
1101 1443 1156 1523 qui
1180 1444 1400 1526 respondeant
1423 1464 1489 1509 non
1514 1443 1644 1507 adsunt.
1685 1439 1763 1503 Inde
1787 1438 1980 1504 concludere

275 1547 349 1611 licet
372 1550 502 1628 poetam
527 1546 666 1611 latinum
690 1548 759 1612 eius
783 1548 871 1611 modi
895 1548 1084 1624 sententias,
1110 1568 1194 1630 quae
1218 1551 1360 1632 generali
1384 1550 1530 1631 quadam
1546 1550 1576 1612 vi
1599 1548 1777 1611 instructae
1801 1550 1833 1610 et
1850 1546 1883 1610 in
1903 1565 1979 1630 pro·

276 1653 461 1716 verbiorum
484 1652 620 1716 modum
644 1654 832 1737 propositae
848 1658 967 1730 essent,
992 1655 1143 1719 consulto
1166 1657 1326 1733 omisisse,
1351 1676 1425 1721 cum
1441 1656 1628 1720 fabularum
1644 1656 1837 1735 argumenta
1852 1652 1978 1717 Roma·

271 1779 389 1822 norum
415 1759 539 1823 iudiciis
564 1759 814 1825 accommodare
838 1760 995 1824 studeret.
1042 1760 1115 1825 Non
1140 1763 1317 1827 abhorrent
1341 1767 1453 1828 autem
1476 1762 1520 1827 illi
1543 1779 1659 1825 versus
1683 1760 1725 1823 ab
1748 1759 1905 1842 Hegionis
1928 1759 1978 1823 in·

271 1866 376 1945 genio,
408 1867 462 1947 qui
487 1866 537 1929 lll.
560 1868 592 1939 4,
621 1887 650 1930 v.
680 1870 700 1931 8
725 1866 851 1941 Getam,
876 1886 1008 1930 servum
1038 1867 1128 1931 illum
1154 1868 1379 1935 fidelissimum
1411 1871 1456 1934 ita
1487 1869 1684 1944 consolatur,
1715 1870 1753 1931 ut
1781 1864 1920 1930 libenter
1950 1866 1979 1929 ei

272 1971 426 2036 auxilium
450 1973 630 2054 promittat.
678 1974 761 2038 Dicit
785 1974 889 2037 enim:

403 2078 489 2152 ,Nisi
513 2080 631 2143 facient
655 2079 851 2163 (Aeschinus
875 2084 906 2143 et
930 2080 1039 2164 Micio)
1062 2102 1148 2165 quae
1171 2082 1242 2146 illos
1267 2087 1449 2165 aequomst,
1474 2082 1563 2147 haud
1587 2083 1632 2146 sic
1657 2083 1837 2146 auferent“.

270 2183 350 2246 Fieri
376 2184 532 2266 potuisse,
557 2191 591 2251 ut
616 2187 705 2269 apud
729 2186 946 2250 Menandrum
970 2185 1140 2253 Sostratae
1164 2191 1272 2267 frater,
1304 2191 1345 2273 (is
1369 2190 1455 2253 enim
1479 2190 1512 2253 in
1535 2207 1653 2270 graeca
1675 2187 1831 2269 Hegionis
1853 2185 1976 2251 Teren·

269 2290 348 2354 tiani
373 2295 482 2372 partes
507 2290 639 2378 egit),¹⁹)
664 2293 707 2357 ad
731 2294 927 2356 sententiam
950 2312 1046 2358 suam
1069 2295 1186 2360 clarius
1210 2297 1434 2362 denotandam
1465 2315 1576 2359 versus
1597 2295 1669 2360 illos
1693 2294 1839 2370 adderet,
1870 2293 1976 2358 neuti-

270 2415 371 2477 quam
395 2415 490 2477 nego.

430 2503 543 2585 Neque
567 2508 677 2567 tamen
702 2504 874 2570 Terentius
905 2511 998 2569 tanta
1029 2527 1107 2572 (eura
1136 2512 1235 2591 atque
1263 2510 1429 2605 diligentia
1459 2527 1577 2590 graeca
1601 2509 1736 2588 vestigia
1759 2511 1890 2571 secutus
1913 2510 1973 2584 est,

269 2615 303 2674 ut
330 2610 407 2673 nihil
432 2610 567 2674 omnino
591 2616 720 2674 mutare
744 2632 844 2676 ausus
868 2613 965 2696 sit.²⁰)
1017 2614 1148 2679 Adsunt
1176 2616 1262 2679 enim
1293 2616 1326 2681 in
1349 2617 1412 2680 hac
1442 2634 1573 2698 quoquc
1603 2614 1716 2680 sabula
1746 2612 1864 2677 indicia
1893 2612 1974 2677 satis

269 2716 442 2791 luculenta,
477 2716 596 2797 quihus
628 2718 824 2799 intellegitur
854 2720 958 2783 multa
989 2720 1091 2803 ipsius
1122 2727 1240 2805 poetae
1268 2723 1398 2805 ingenio
1430 2721 1604 2786 tribuenda
1632 2741 1704 2785 esse
1736 2737 1842 2803 neque
1866 2720 1975 2802 ipsum

269 2842 404 2902 prorsus
428 2823 461 2885 in
485 2842 621 2902 graecae
638 2826 832 2903 argumenti,
852 2828 888 2888 ut
906 2826 951 2889 ita
967 2826 1085 2903 dicam,
1103 2830 1293 2893 servitutem
1310 2851 1345 2894 se
1366 2829 1529 2894 addixisse
1546 2829 1639 2904 adeo,
1661 2831 1698 2891 ut
1714 2845 1812 2891 caeca
1828 2825 1973 2909 quadam

272 2927 453 2990 imitatione
479 2930 665 3011 exemplum
689 2950 784 2993 suum
810 2933 1018 3013 expresserit.
1076 2934 1220 3015 Eleganti
1253 2935 1349 3015 ipitur
1379 2936 1497 3000 iudicio
1521 2954 1600 2999 usus
1623 2934 1763 2998 mutavit
1796 2952 1845 3010 ea,
1876 2951 1972 3015 quae,

269 3050 343 3094 cum
358 3034 492 3113 ‚graecis
517 3035 683 3116 placerent
699 3037 843 3112 auribus,
868 3042 979 3101 tamen
1003 3041 1242 3119 spectatoribus
1258 3041 1419 3107 Romanis
1442 3062 1509 3106 non
1534 3062 1638 3125 acque
1652 3042 1830 3124 probatum
1853 3039 1890 3105 iri
1912 3039 1974 3102 sibi

268 3139 485 3219 persuasisset
511 3146 619 3223 poeta.

429 3245 471 3309 L't
503 3248 600 3329 igitur
628 3250 806 3314 ametrica
835 3251 962 3315 ratione
992 3252 1212 3329 exordiamur,
1242 3260 1371 3319 constat
1401 3255 1589 3320 Terentium
1617 3255 1727 3319 multis
1759 3253 1838 3318 locis
1869 3256 1974 3317 metra

269 3368 404 3424 praecae
428 3371 495 3415 non
518 3356 699 3419 retinuisse.
752 3356 852 3419 Citius
876 3358 921 3420 rei
945 3359 1132 3423 testimonio
1156 3365 1205 3423 est
1227 3380 1342 3425 versus
1365 3363 1426 3437 ille,
1460 3382 1558 3445 quem
1581 3363 1718 3427 Photius
1742 3381 1771 3424 v.
1795 3352 1973 3441 currepo'ae

267 3452 436 3518 Menandri
461 3458 579 3521 tabulis
602 3466 769 3525 servatum
792 3463 926 3528 exhibet
949 3465 1099 3549 (Meinek.
1124 3467 1161 3530 t'r.
1185 3485 1268 3531 com.
1293 3489 1339 3549 gr.
1364 3470 1414 3533 IV.
1439 3490 1513 3553 prag.
1539 3471 1612 3551 iffi:

760 3565 817 3646 ἐγώ
840 3567 1021 3652 δ’ἀγροῖκος,
1045 3567 1179 3654 ἐργάτης,
1202 3570 1345 3655 σκυθρὸς,
1369 3572 1486 3659 πικρός,

761 3675 915 3754 φειδωλός.

266 3772 321 3854 qui
346 3777 534 3858 exenrplum
559 3778 619 3842 suit
642 3778 828 3846 Terentiani
854 3784 890 3846 V.
914 3785 946 3861 4,
974 3785 1030 3849 12:

427 4160 459 4227 ¹⁹)
479 4169 599 4221 licitatus
618 4172 651 4221 ad
672 4171 718 4221 Ill.
740 4176 763 4233 2,
784 4176 831 4223 53:
851 4176 956 4241 Atque
978 4178 1130 4245 Hegioni.
1164 4182 1241 4247 Apud
1260 4182 1443 4245 Menandrum,
1463 4187 1557 4250 inquit,
1577 4186 1713 4237 Sostratae
1732 4186 1814 4238 frater
1832 4186 1972 4237 inducitur.

428 4250 461 4316 ὀ)
482 4257 515 4306 ct.
535 4260 686 4326 Lessing.
707 4262 855 4330 Harnlmrg.
892 4266 1088 4334 lirarnoturgic,
1103 4271 1186 4320 Stiich
1211 4276 1259 4323 aa:
1291 4272 1434 4334 „Miichton
1453 4277 1614 4340 rreuigrtcns
1632 4292 1682 4325 nur
1700 4275 1853 4340 diejenigen
1873 4275 1972 4327 stricke

267 4344 314 4394 dea
333 4345 480 4397 Menander
498 4347 547 4397 arri
562 4365 612 4398 uns
631 4351 788 4415 gckommen
808 4355 874 4415 sain,
894 4356 993 4407 welche
1014 4359 1116 4409 Terena
1135 4366 1261 4425 gerrutnet
1279 4361 1336 4411 hat!
1361 4362 1406 4412 leli
1432 4362 1505 4413 kann
1524 4365 1574 4414 mir
1598 4363 1684 4414 nichts
1704 4363 1972 4417 Uritarricbtendcres

265 4431 379 4493 denken,
399 4434 440 4483 als
459 4438 518 4486 eino
538 4437 738 4505 Vergleichung
750 4442 839 4492 dieser
857 4445 1043 4509 griechischen
1064 4447 1205 4511 Originale
1218 4451 1267 4498 mit
1280 4449 1330 4499 den
1351 4450 1527 4501 lateinisclren
1547 4451 1667 4517 Kopieeu
1681 4453 1739 4502 sein
1759 4452 1857 4503 wrirde.
1894 4455 1973 4506 Mun

264 4524 363 4587 gewiss
383 4524 416 4572 ist
436 4540 473 4583 es,
497 4525 559 4575 dass
578 4527 681 4578 Tercnz
699 4528 762 4579 kain
786 4532 890 4583 lilosaer
917 4534 1084 4586 sklarischer
1107 4522 1269 4588 llbcraetzcr
1296 4555 1428 4603 gewcscn.
1471 4539 1547 4589 Ancb
1567 4540 1609 4601 da,
1629 4556 1669 4590 wo
1688 4557 1717 4591 cr
1742 4541 1794 4592 den
1812 4542 1906 4595 Fauen
1924 4546 1973 4596 cleo

264 4610 487 4661 Menandriselren
508 4614 622 4666 Sttickes
640 4617 724 4682 vattig
748 4619 928 4677 bcihebalten,
954 4622 1046 4673 linter
1065 4624 1122 4675 sich
1142 4625 1211 4676 noch
1235 4626 1365 4677 manchon
1391 4627 1498 4678 klcinen
1521 4629 1626 4691 Zusatz,
1651 4631 1763 4683 monebo
1787 4634 1972 4701 versurtmng

263 4699 328 4749 oder
346 4699 532 4765 Schwliclrung
544 4703 619 4754 eines
631 4705 685 4754 und
698 4706 745 4755 des
758 4708 873 4760 auclercu
887 4710 975 4776 augea
994 4712 1110 4776 erlouht3
1130 4718 1180 4766 wie
1193 4732 1244 4767 uns
1256 4716 1336 4766 deren
1356 4717 1545 4770 vorscbicdcue
1560 4718 1682 4769 Donatus
1696 4722 1722 4770 in
1737 4724 1831 4775 seiueu
1845 4723 1970 4775 Scholion

264 4789 415 4853 angczeigt.
453 4788 509 4839 Nur
527 4791 635 4854 schade,
655 4793 717 4844 class
737 4796 794 4845 sich
813 4797 933 4849 Donatus
952 4802 1046 4853 immor
1065 4819 1094 4853 ao
1114 4804 1181 4853 kurz
1200 4805 1252 4855 mul
1272 4805 1352 4855 litters
1372 4823 1401 4856 so
1421 4805 1520 4858 dnnlxel
1540 4809 1654 4861 dariiber
1672 4813 1827 4877 ausdrilckt,
1847 4810 1920 4875 (weil
1939 4831 1971 4865 zu

264 4879 352 4929 minor
364 4878 424 4928 Zeit
437 4878 480 4929 dia
494 4880 594 4932 Stiieke
615 4882 662 4932 des
676 4883 823 4937 Menander
840 4888 907 4937 noch
927 4889 1011 4940 selbot
1030 4892 1057 4941 in
1071 4891 1245 4957 jedermanns
1259 4890 1291 4955 (t)
1304 4894 1420 4944 stannea
1439 4893 1547 4959 waren),
1567 4898 1629 4949 dees
1649 4918 1678 4950 es
1697 4899 1799 4952 schwer
1818 4902 1885 4952 wird
1904 4904 1971 4954 iiber

266 4962 319 5017 don
337 4966 430 5019 Werth
450 4969 515 5019 oder
535 4971 660 5023 ttnwenh
681 4974 786 5029 solcher
804 4976 1000 5030 Tereuzisehen
1019 4979 1194 5047 Kbnsteleien
1212 4989 1296 5034 etwas
1315 4985 1518 5049 Zuverlitasiges
1536 5001 1569 5039 au
1588 4986 1698 5055 rogen.“
