4486 5932
1110 254 1130 318 9

902 341 1197 357 mmm-W
1200 342 1329 356 mov

266 480 371 556 Quem
395 478 537 557 raptum,
561 473 683 561 quippe
707 470 762 552 qui
785 472 903 550 poetae
926 472 1040 532 nostro
1072 468 1353 549 exoptatissimam
1381 467 1475 531 daret
1504 470 1702 549 potestatem
1725 467 1856 532 fabulae
1880 489 1970 533 com-

265 584 456 649 modissime
479 579 649 661 augendae
672 576 958 658 spectantiumque
973 574 1201 638 Romanorum
1226 575 1343 637 iudicio
1360 576 1465 655 magis
1482 575 1683 656 probandae,
1704 575 1853 656 eDiphili
1872 574 1970 639 Com·

265 690 481 755 morientibus
505 706 584 750 suae
607 685 739 749 subulae
769 685 964 763 argumento
996 683 1137 746 inserere
1169 700 1236 744 non
1265 681 1437 745 dubitavit.
1495 680 1581 744 Nihil
1613 684 1724 745 autem
1752 682 1871 759 obstat,
1904 702 1970 764 quo

266 798 375 861 minus
405 795 530 859 lenonis
564 810 741 874 personam
772 789 803 851 in
834 787 1033 852 Menandrea
1062 807 1193 870 quoque
1223 787 1331 851 locum
1361 787 1517 852 habuisse
1552 808 1611 868 pro
1641 793 1729 851 certo
1760 768 1970 853 affirmemus

268 902 432 984 Suspiean'
456 902 556 964 etiam
579 899 662 971 lieet,
693 896 782 977 quod
806 895 877 976 ipsa
901 915 935 958 re
958 896 1040 959 ellici
1067 897 1204 971 videtur,
1233 895 1295 958 nisi
1319 896 1470 959 lenonem
1493 896 1525 959 in
1549 895 1718 960 Menandri
1742 896 1899 978 Adelphis
1923 897 1971 959 in-

266 1010 418 1085 venisset,
442 1004 632 1070 Terentium
656 1003 744 1066 illam
768 1007 894 1084 partem
920 1022 937 1065 e
961 1002 1079 1084 Diphili
1104 1002 1215 1065 sabula
1238 1002 1376 1083 petitam
1400 1005 1615 1083 transponere
1638 1021 1705 1066 non
1728 1002 1884 1083 potuisse.

426 1114 496 1187 His,
529 1129 615 1192 quae
643 1110 707 1173 lmc
736 1129 840 1191 usque
871 1110 1017 1191 exposui,
1058 1109 1214 1185 adducor,
1253 1112 1289 1171 ut
1321 1108 1483 1172 assentiar
1515 1108 1616 1185 lhnio,
1651 1109 1706 1191 qui
1740 1107 1972 1191 (Quaestiones

266 1222 396 1285 Terent.
430 1237 504 1298 pag.
538 1213 595 1301 27)
624 1215 744 1279 tinibus
770 1217 867 1296 longe
899 1215 1074 1279 artioribus
1105 1234 1154 1291 ea,
1191 1233 1276 1296 quae
1307 1215 1425 1296 Diphili
1455 1220 1541 1292 sunt,
1573 1216 1834 1298 circumscripsit.
1886 1215 1971 1279 Nihil

268 1328 352 1391 enirn
379 1328 508 1407 praeter
531 1326 624 1386 actus
648 1322 684 1385 ll.
713 1324 740 1396 1,
772 1343 801 1384 v.
830 1321 937 1385 t-la
960 1321 1089 1402 Diphilo
1119 1320 1327 1384 tribuendum
1353 1326 1412 1384 est.
1466 1320 1496 1383 ls
1521 1322 1606 1384 enim
1632 1326 1679 1384 est
1703 1321 1794 1385 locus
1818 1321 1880 1397 ille,
1905 1340 1972 1403 quo

271 1433 462 1497 adulescens
486 1430 688 1518 meretricem
720 1429 827 1492 lenoni
862 1428 892 1490 vi
916 1431 1062 1508 ereptam
1095 1427 1230 1490 domurn
1260 1448 1354 1491 suam
1378 1428 1520 1492 abducit.
1577 1427 1667 1492 Haec
1690 1432 1802 1493 autem
1825 1428 1971 1506 Plautus

270 1559 343 1602 eum
367 1537 486 1619 Diphili
510 1536 858 1619 Synapothnescontes
882 1534 981 1597 latine
1012 1535 1173 1598 convertit
1196 1534 1465 1609 Commorientes,
1497 1533 1588 1597 sacile
1612 1534 1657 1597 ita
1681 1534 1788 1616 potuit
1811 1535 1971 1618 omittere,

268 1650 305 1710 ut
327 1666 387 1727 pro
411 1644 483 1726 ipso
508 1645 605 1725 raptu
629 1643 697 1707 eins
722 1643 767 1705 rei
792 1640 1013 1704 narrationem
1029 1641 1241 1705 substitueret
1264 1646 1297 1704 et
1311 1641 1374 1704 hoc
1398 1644 1495 1721 pacto
1513 1640 1643 1704 tabulae
1660 1644 1853 1721 argumento
1876 1640 1973 1705 salis-

268 1754 399 1817 t'aceret.
446 1751 559 1832 Neque
583 1768 676 1812 secus
701 1767 720 1811 a
741 1747 921 1828 Menandro
945 1766 997 1810 res
1020 1748 1169 1812 instituta
1186 1767 1258 1811 esse
1280 1744 1421 1819 ridetur3
1446 1747 1569 1828 ereptio
1594 1747 1680 1811 enim
1703 1766 1770 1811 aon
1793 1747 1865 1829 ipsa
1889 1750 1973 1823 acta,

269 1859 327 1923 sed
351 1862 485 1922 narrata
508 1860 567 1921 est.
1522 1864 1525 1869 ·

429 1964 542 2045 Neque
564 1982 652 2037 vero,
677 1980 752 2025 cum
776 1981 828 2025 res
852 1961 895 2024 ad
919 1961 1020 2025 totius
1044 1961 1174 2025 fabulae
1198 1966 1428 2041 argumentum
1453 1961 1663 2025 vehementer
1685 1960 1870 2041 pertineret,
1895 1961 1974 2024 satis

270 2071 329 2136 tait
352 2071 509 2134 Demeam
532 2069 765 2133 violentissime
797 2068 1010 2131 altercantem
1032 2068 1162 2133 Micioni
1193 2069 1308 2150 paucis
1338 2072 1468 2132 tantum
1492 2067 1644 2132 Aeschini
1678 2066 1803 2130 facinus
1835 2067 1973 2143 obicere,

270 2177 301 2241 id
325 2178 415 2260 quod
437 2177 598 2241 Grauerto
629 2176 751 2259 placuit
780 2179 924 2239 statuere
956 2175 1044 2257 (pag.
1072 2175 1158 2258 132),
1190 2193 1296 2256 neque
1327 2175 1437 2239 thnius
1469 2180 1554 2238 recte
1585 2175 1664 2239 mihi
1694 2175 1820 2238 ridetur
1844 2193 1975 2237 censere

268 2285 369 2349 rerba
392 2285 447 2347 illa
470 2283 647 2348 Sannionis
670 2283 868 2359 Terentiani,
893 2302 978 2364 quae
1000 2284 1152 2364 legantur
1176 2282 1211 2346 ll.
1239 2282 1265 2357 1,
1290 2282 1333 2345 42
1358 2301 1449 2363 sqq:

910 2389 974 2453 Pro
997 2408 1151 2471 supreme
1172 2387 1335 2469 luppiter!

643 2496 775 2560 Minime
799 2496 899 2560 miror
922 2495 977 2576 qui
1002 2496 1144 2559 insanire
1167 2495 1331 2577 occipiunt
1355 2514 1394 2558 ex
1418 2493 1543 2558 iniuria.

642 2601 749 2665 Domo
773 2622 826 2665 me
849 2602 977 2683 eripuit,
1002 2600 1194 2676 verberarit,
1218 2621 1271 2664 me
1294 2602 1395 2664 invito
1419 2601 1554 2664 abduxit
1578 2618 1687 2664 meam
1710 2605 1771 2663 cet.

270 2708 539 2791 aspectantibus
563 2706 647 2770 bene
672 2707 811 2788 intellegi
835 2708 992 2789 potuisse,
1017 2710 1054 2771 ut
1077 2708 1149 2771 rixa
1172 2707 1227 2771 illa
1242 2707 1530 2771 vehementissima
1552 2726 1659 2789 neque
1683 2707 1755 2789 ipsa
1779 2709 1854 2770 acta
1869 2725 1976 2788 neque

270 2819 424 2879 enarrata
447 2819 543 2879 esset.
600 2813 684 2878 Nam
715 2834 790 2879 cum
814 2836 863 2887 ea,
896 2834 981 2895 quae
1013 2813 1075 2877 hoe
1106 2814 1177 2877 loeo
1207 2813 1282 2877 leno
1314 2814 1520 2890 lamentatur,
1553 2834 1628 2878 cum
1657 2813 1761 2877 turbis
1791 2813 1851 2877 illis
1875 2813 1975 2876 modo

272 2921 353 2984 actis
376 2924 445 2982 tam
470 2923 539 2982 arte
563 2919 770 2993 cohaereant,
795 2924 895 2983 utne
919 2939 1039 2983 nomen
1063 2920 1194 3002 quidem
1218 2921 1446 2994 adulescentis,
1471 2942 1491 2984 a
1515 2940 1581 3003 quo
1606 2921 1679 2985 leno
1699 2921 1890 3005 verberatus
1915 2924 1975 2995 est,

271 3029 555 3101 commemoretur,
581 3029 613 3088 et
635 3044 710 3088 eum
733 3029 905 3107 praeterea
930 3027 1042 3090 onmia
1063 3026 1144 3089 haec
1165 3046 1184 3089 a
1202 3026 1319 3090 lenone
1335 3026 1532 3091 Terentiano
1561 3032 1595 3091 ut
1626 3028 1706 3091 satis
1738 3027 1868 3109 cognita
1897 3026 1976 3090 alie·

271 3139 395 3209 rantur,
425 3133 487 3196 hoc
510 3132 589 3195 mihi
614 3132 742 3196 videtur
765 3136 889 3197 certum
912 3153 1012 3215 posse
1035 3134 1188 3197 constitui
1212 3135 1301 3215 apud
1317 3134 1534 3197 Menandrum
1557 3134 1683 3198 lenonis
1707 3153 1893 3197 sermonem
1912 3134 1975 3197 alio

270 3240 370 3305 modo
395 3239 580 3303 institutum
612 3239 711 3302 luisse
743 3243 842 3321 atque
873 3239 962 3321 apud
985 3239 1184 3304 Terentium.
1239 3240 1323 3305 Cum
1354 3241 1450 3321 igitur
1481 3241 1513 3304 in
1545 3240 1714 3304 Menandri
1746 3240 1857 3306 sabula
1886 3240 1976 3322 virgo

272 3366 338 3409 non
361 3366 473 3410 coram
497 3346 722 3426 spectantibus
746 3347 789 3410 ab
814 3346 1022 3410 adulescente
1046 3350 1158 3428 erepta
1182 3348 1383 3429 domumque
1407 3346 1560 3421 abducta,
1582 3345 1640 3408 sed
1665 3346 1772 3409 verbis
1789 3347 1920 3409 tantum
1937 3345 1977 3409 de

273 3452 562 3515 vehementissima
585 3451 640 3515 illa
662 3453 732 3517 rixa
763 3453 949 3534 expositum
981 3455 1076 3520 esset.
1109 3454 1175 3517 veri
1207 3454 1311 3517 simile
1343 3456 1393 3515 est
1423 3470 1497 3516 eam
1527 3452 1658 3515 fabulae
1682 3456 1810 3533 partem
1834 3472 1854 3515 a
1878 3457 1976 3534 poeta

272 3576 390 3638 graeco
414 3557 459 3620 ita
483 3576 555 3620 esse
578 3562 710 3621 auctam
734 3563 833 3640 atque
856 3560 1101 3640 amplificatam,
1135 3565 1171 3623 ut
1199 3560 1350 3624 lenonem
1382 3560 1549 3623 induceret
1576 3563 1748 3640 argentum
1779 3577 1839 3640 pro
1864 3562 1976 3640 erepla

273 3662 441 3726 meretrice
465 3662 708 3742 efflagitantem,
733 3665 789 3744 qui
813 3664 945 3729 uberius
969 3665 1010 3729 de
1034 3666 1186 3730 Aeschini
1210 3666 1353 3730 facinore
1377 3670 1579 3748 spectatores
1602 3667 1763 3730 edoceret.

433 3768 627 3833 Rectissime
650 3773 762 3833 autern
785 3770 896 3834 Ilmius
926 3772 979 3835 illa
1007 3772 1127 3835 Donati
1158 3773 1268 3849 verba,
1300 3772 1420 3854 quibus
1443 3772 1662 3836 Menandreae
1685 3772 1816 3836 tabulae
1844 3791 1975 3836 versum

273 3876 556 3957 conuptissimum
579 3874 670 3938 illum
694 3875 837 3957 quidem,
866 3877 924 3941 sed
948 3877 990 3940 ad
1014 3878 1210 3941 sententiam
1233 3881 1380 3941 nostram
1413 3878 1620 3959 probandam
1643 3879 1740 3960 plane
1763 3879 1978 3943 subicientem

272 3979 374 4044 latino
404 3984 529 4047 conseri
559 3982 616 4065 (ad
640 3983 676 4046 ll.
704 3983 732 4058 1,
760 3983 817 4066 lb)
849 3984 895 4048 ita
918 3985 1149 4067 interpretatus
1174 3989 1232 4059 est,
1262 3989 1298 4047 ut
1322 3985 1471 4048 lenonem
1501 3985 1533 4047 in
1565 4004 1681 4065 graeca
1709 4003 1842 4067 quoque
1870 3985 1977 4049 locam

273 4084 429 4149 habuisse
452 4093 483 4151 et
507 4109 542 4152 se
566 4089 743 4170 vapulasse
766 4093 918 4171 questum
943 4110 1015 4153 esse
1040 4091 1113 4153 inde
1137 4090 1354 4172 colligeret.¹⁵)

433 4422 465 4488 ¹³)
484 4431 584 4479 Versus
605 4429 650 4479 illo
663 4430 848 4489 Terentianus,
868 4446 981 4494 quocum
996 4430 1116 4479 Donatus
1130 4447 1255 4493 graecam
1275 4437 1420 4495 comparat,
1441 4439 1481 4482 cst
1501 4433 1557 4481 hic:
1578 4432 1694 4493 „homini
1714 4434 1811 4483 misero
1826 4433 1886 4497 plns
1900 4436 1977 4498 quin·

273 4520 389 4577 „gentos
424 4517 551 4582 colaphos
582 4519 732 4583 infregit
762 4518 853 4568 mihi‘.
903 4519 963 4569 Hoc
993 4520 1053 4569 loce
1085 4516 1227 4585 „infregit“
1257 4537 1309 4570 rron
1341 4528 1412 4571 recte
1444 4521 1499 4570 diei
1530 4522 1710 4585 unusquisque
1743 4522 1898 4586 intelleget,
1933 4525 1978 4587 qni

272 4605 331 4652 eiua
349 4604 425 4653 verbi
446 4607 500 4655 rim
518 4607 695 4671 perpenderit.
725 4605 850 4657 Conferre
864 4607 971 4672 quidem
991 4608 1078 4657 solent
1098 4608 1256 4672 interpretes
1271 4608 1419 4659 doctissimi
1433 4611 1493 4660 haic
1508 4609 1567 4659 tore
1586 4609 1652 4658 illud
1665 4609 1736 4659 Plini
1750 4608 1811 4659 Nat.
1829 4610 1890 4661 trist.
1905 4611 1979 4663 Vlll.
2055 4672 2057 4677 Ι

271 4693 305 4741 36
326 4690 388 4751 (rec.
409 4692 573 4756 Detletaen):
593 4712 643 4755 „ac
662 4712 741 4762 saepe
761 4696 906 4746 inherens
925 4692 1069 4761 colapho
1089 4697 1233 4746 infracto
1253 4701 1439 4749 exanimantur
1458 4695 1562 4759 (rrrsi)“.
1606 4700 1658 4760 Qui
1679 4699 1753 4750 locus
1774 4700 1853 4749 aliter
1872 4717 1977 4765 canipa-

272 4788 345 4831 ratris
364 4798 423 4833 esse
442 4784 557 4834 videtur.
602 4784 669 4834 Nam
688 4800 748 4835 eam
768 4787 885 4850 proxime
905 4786 1064 4836 unte-cedant-
1082 4785 1164 4837 haec:
1200 4788 1444 4848 „lnrrrliclissimnm
1471 4804 1531 4838 tirso
1555 4793 1643 4853 capnt,
1669 4789 1739 4853 qaod
1763 4789 1834 4840 leoni
1859 4790 1978 4839 firnriasi·

271 4868 369 4932 nurm‘¹,
388 4877 459 4922 recte
480 4872 591 4923 fortasse
611 4874 685 4924 dices
705 4874 879 4940 supplendum
899 4892 957 4924 esse
977 4872 1101 4940 „eapite“
1120 4880 1147 4926 ct
1166 4875 1322 4941 legendum:
1355 4880 1495 4942 „eapite
1517 4877 1629 4942 colapho
1655 4878 1806 4928 infracto
1825 4881 1978 4929 exaniman-

273 4960 316 5011 tur
345 4957 426 5009 ursi“.
476 4961 534 5011 Nisi
564 4962 650 5019 fallor,
682 4963 816 5029 Sanppius
846 4964 874 5013 in
905 4963 1004 5013 scholia
1034 4966 1090 5013 auis
1121 4964 1292 5015 Terentianis
1324 4966 1409 5015 locam
1443 4966 1517 5015 illam
1544 4966 1695 5017 Pliniamnn
1726 4971 1763 5018 ita
1792 4970 1980 5033 interpretatus

1766 5076 1781 5121 ‘2
